Customer_ID,Age,Gender,Religion,Season,Festival,Fashion_Trend,Purchasing Power,Avg_Spend,Family_Size,Urban_Rural,Education_Level,Preferred_Clothing_Type,Color,Pattern,Material,Fashion_Influence_Source,Cluster,Fashion Influence,Product Range,Customer Experience,Online Presence,sales,promotion,inventory,timestamp,date,Income,Spending_Score,cluster_name
C0001,56.0,Female,Hindu,Rainy,Eid,High,High,1782,3,Urban,Graduate,Ethnic Wear,Pastel,Printed,Rayon,Social Media,0,Social Media,Men's Wear,Excellent,Strong,195,No,297,2/2/2025 0:23,1/1/2023,25795,30,Price-Sensitive Young Fashionistas
C0002,46.0,Male,Hindu,Summer,Christmas,High,Low,2300,4,Urban,Undergraduate,Casual/Formal,,Checks,Cotton,Local Culture,0,Celebrities,Men's Wear,Excellent,,210,No,304,1/11/2025 17:52,1/2/2023,10860,35,Price-Sensitive Young Fashionistas
C0003,,Female,Muslim,Winter,None,Medium,High,1657,3,Urban,Undergraduate,Sarees / Salwar Kameez,Neutral,Solid,Rayon,E-Commerce Trends,2,Social Media,Accessories,Average,Moderate,184,Yes,204,12/5/2024 1:17,1/3/2023,86820,85,Comfort-First Traditional Buyers
C0004,25.0,Male,Hindu,Rainy,None,Medium,Medium,3603,3,Urban,Postgraduate,Sarees / Salwar Kameez,Dark,,Wool,E-Commerce Trends,1,Local Trends,Women's Wear,Good,Weak,204,No,369,4/29/2025 18:02,1/4/2023,64886,37,Festival-Driven High Spenders
C0005,38.0,Female,,Winter,None,High,High,2072,5,Rural,High School,Indo-Western,Pastel,,Wool,Traditional Media,2,Social Media,Accessories,Average,Moderate,216,No,385,11/23/2024 3:12,1/5/2023,16265,5,Comfort-First Traditional Buyers
C0006,,,Muslim,Winter,Christmas,Medium,High,3840,4,Rural,Undergraduate,Traditional,Dark,Floral,Wool,Traditional Media,1,Social Media,Original Fit,Excellent,,185,No,349,12/29/2024 21:48,1/6/2023,92386,83,Festival-Driven High Spenders
C0007,36.0,Female,Muslim,Summer,Eid,Medium,,2653,2,Rural,High School,Sarees / Salwar Kameez,Bright,Printed,Wool,Traditional Media,0,Celebrities,,Average,,192,Yes,372,2/21/2025 0:31,1/7/2023,47194,78,Price-Sensitive Young Fashionistas
C0008,40.0,Female,Muslim,Rainy,Diwali,High,Low,2021,2,Rural,High School,Sarees / Salwar Kameez,Neutral,Checks,,E-Commerce Trends,0,Social Media,Women's Wear,,Moderate,197,No,367,11/16/2024 13:38,1/8/2023,97498,26,Price-Sensitive Young Fashionistas
C0009,28.0,,Hindu,Winter,Christmas,Medium,High,2751,5,Urban,Postgraduate,Sarees / Salwar Kameez,Neutral,Floral,Rayon,Local Culture,1,,Women's Wear,Excellent,,205,No,250,6/7/2024 3:21,1/9/2023,54131,62,Festival-Driven High Spenders
C0010,28.0,Female,Christian,Winter,None,Medium,Medium,2155,4,Rural,Postgraduate,Casual/Formal,Neutral,Checks,Cotton,Local Culture,0,Local Trends,Accessories,,Strong,191,Yes,263,2/16/2025 19:39,1/10/2023,70263,4,Price-Sensitive Young Fashionistas
C0011,41.0,Male,,Rainy,,Medium,Medium,3852,2,Rural,Graduate,Formal Wear,Dark,,,Social Media,3,Celebrities,Original Fit,Average,Weak,198,Yes,311,2/17/2025 18:13,1/11/2023,26023,89,Seasonal Trend Followers
C0012,53.0,Male,,Winter,None,Medium,Low,1920,7,Urban,Postgraduate,Formal Wear,Bright,Solid,Wool,Celebrity Trends,0,,Men's Wear,Poor,,186,No,261,2/19/2025 15:03,1/12/2023,51090,42,Price-Sensitive Young Fashionistas
C0013,57.0,Male,Christian,Winter,Diwali,Medium,Medium,1389,5,Rural,Postgraduate,Casual/Formal,Pastel,Floral,,E-Commerce Trends,0,Social Media,Accessories,Average,Strong,204,No,278,11/22/2024 23:22,1/13/2023,77221,89,Price-Sensitive Young Fashionistas
C0014,41.0,Male,Muslim,Winter,Diwali,High,High,1461,2,Rural,Graduate,Sarees / Salwar Kameez,Pastel,Printed,,E-Commerce Trends,2,,Men's Wear,Good,Strong,204,No,296,4/3/2025 10:46,1/14/2023,74820,18,Comfort-First Traditional Buyers
C0015,20.0,Female,Hindu,Rainy,Eid,High,Low,2898,3,Rural,High School,Party Wear,Bright,Checks,Silk,Local Culture,3,Celebrities,,Average,Moderate,192,No,212,4/8/2025 23:04,1/15/2023,10769,40,Seasonal Trend Followers
C0016,,Female,Christian,Rainy,None,High,High,3484,5,Rural,High School,Indo-Western,Dark,Printed,Rayon,Traditional Media,3,Social Media,Women's Wear,Poor,Strong,208,No,250,11/21/2024 15:28,1/16/2023,69735,72,Seasonal Trend Followers
C0017,,Male,Hindu,Rainy,Eid,Medium,Low,928,5,Rural,Graduate,Indo-Western,Pastel,Solid,Wool,Traditional Media,2,Social Media,Accessories,Good,Weak,181,No,279,4/12/2025 17:23,1/17/2023,72955,39,Comfort-First Traditional Buyers
C0018,41.0,,Christian,Rainy,Eid,High,Low,1182,5,Rural,Undergraduate,Fusion Wear,Bright,Solid,Cotton,Celebrity Trends,2,Celebrities,Original Fit,Average,Weak,189,Yes,209,9/19/2024 5:53,1/18/2023,74925,14,Comfort-First Traditional Buyers
C0019,47.0,,Hindu,,Diwali,Medium,Low,630,2,Urban,Graduate,Festive Wear,Pastel,Floral,Rayon,Social Media,2,Social Media,Women's Wear,,Moderate,192,No,212,8/15/2024 0:17,1/19/2023,77969,32,Comfort-First Traditional Buyers
C0020,55.0,Female,Christian,,,Medium,Low,2098,4,Urban,Postgraduate,Casual/Formal,Neutral,Solid,Silk,Celebrity Trends,2,Celebrities,Men's Wear,,,202,No,307,9/17/2024 3:25,1/20/2023,15311,51,Comfort-First Traditional Buyers
C0021,19.0,Female,Hindu,Rainy,Christmas,Low,Medium,2488,6,Rural,Postgraduate,Sarees / Salwar Kameez,,Solid,Silk,Social Media,0,Celebrities,Men's Wear,Excellent,Strong,228,No,295,3/24/2025 5:32,1/21/2023,93104,38,Price-Sensitive Young Fashionistas
C0022,38.0,Male,Hindu,Winter,Eid,High,High,1414,3,Rural,High School,Traditional,,,Silk,Local Culture,0,Celebrities,Accessories,Excellent,Strong,204,No,283,5/25/2024 6:46,1/22/2023,63707,97,Price-Sensitive Young Fashionistas
C0023,50.0,,Christian,Winter,Diwali,Medium,High,3284,6,Rural,High School,Sarees / Salwar Kameez,Bright,Solid,Wool,E-Commerce Trends,3,Local Trends,Men's Wear,Good,Strong,177,No,266,7/9/2024 18:43,1/23/2023,95305,23,Seasonal Trend Followers
C0024,29.0,Female,Hindu,Summer,None,Medium,High,2871,4,Urban,Graduate,Hijab/Abaya,Dark,Solid,Silk,Traditional Media,3,Celebrities,Original Fit,Average,Strong,166,Yes,311,8/25/2024 17:47,1/24/2023,38693,63,Seasonal Trend Followers
C0025,39.0,Male,,,Christmas,High,Low,2844,6,Urban,Undergraduate,Casual/Formal,Bright,Checks,Rayon,Celebrity Trends,1,Social Media,Women's Wear,Average,Moderate,195,No,299,7/7/2024 23:33,1/25/2023,81932,15,Festival-Driven High Spenders
C0026,42.0,Female,Hindu,Rainy,Eid,High,Medium,1724,4,Urban,Undergraduate,Western Casual,,Solid,Rayon,Celebrity Trends,0,,Men's Wear,Average,,215,Yes,395,1/22/2025 13:41,1/26/2023,35658,97,Price-Sensitive Young Fashionistas
C0027,44.0,Female,Christian,,Christmas,Medium,High,1469,5,Rural,Undergraduate,Hijab/Abaya,Bright,Checks,Silk,Celebrity Trends,2,Social Media,Men's Wear,Poor,Weak,191,No,238,8/16/2024 15:29,1/27/2023,94478,25,Comfort-First Traditional Buyers
C0028,59.0,Male,Christian,Rainy,Christmas,Medium,Medium,1510,3,Rural,Undergraduate,Festive Wear,Pastel,Solid,Rayon,Local Culture,0,Local Trends,Women's Wear,Good,Strong,182,Yes,364,1/8/2025 9:56,1/28/2023,28431,17,Price-Sensitive Young Fashionistas
C0029,45.0,Male,Hindu,Winter,None,Low,,1377,6,Urban,Graduate,Formal Wear,Pastel,,Silk,E-Commerce Trends,0,Local Trends,,Good,Moderate,212,Yes,331,4/12/2025 13:01,1/29/2023,12747,97,Price-Sensitive Young Fashionistas
C0030,33.0,Male,Hindu,Winter,Diwali,Medium,High,2290,4,Urban,Undergraduate,Formal Wear,Neutral,Floral,Silk,Local Culture,2,Local Trends,Men's Wear,Poor,Strong,209,No,301,12/29/2024 5:51,1/30/2023,69150,66,Comfort-First Traditional Buyers
C0031,32.0,,Christian,Summer,None,High,Medium,2655,6,Rural,High School,Festive Wear,Bright,Floral,Cotton,E-Commerce Trends,1,Local Trends,Accessories,Good,Strong,212,Yes,260,6/20/2024 7:43,1/31/2023,75725,78,Festival-Driven High Spenders
C0032,20.0,Female,Christian,Summer,Diwali,Medium,Low,2880,5,Urban,Graduate,Hijab/Abaya,,Checks,Wool,E-Commerce Trends,1,Social Media,Accessories,Good,Moderate,194,No,359,1/19/2025 16:49,2/1/2023,94654,53,Festival-Driven High Spenders
C0033,54.0,Female,Hindu,Summer,Christmas,High,Medium,1594,7,Urban,High School,Fusion Wear,Pastel,Solid,Wool,Traditional Media,0,Celebrities,Men's Wear,Poor,,218,No,371,10/23/2024 11:20,2/2/2023,45773,51,Price-Sensitive Young Fashionistas
C0034,24.0,Male,Hindu,Winter,,Low,High,2835,7,Urban,Undergraduate,Ethnic Wear,Dark,Printed,Cotton,Celebrity Trends,3,Social Media,Original Fit,Excellent,Strong,193,Yes,307,8/27/2024 10:39,2/3/2023,77435,39,Seasonal Trend Followers
C0035,38.0,Male,Hindu,Rainy,None,Medium,,1808,7,Urban,Undergraduate,Fusion Wear,,Floral,Cotton,Social Media,0,Celebrities,Accessories,Good,,192,Yes,227,6/13/2024 4:42,2/4/2023,66886,51,Price-Sensitive Young Fashionistas
C0036,26.0,Male,Muslim,Summer,Diwali,Low,Low,2622,3,Urban,Undergraduate,Hijab/Abaya,Dark,Printed,Wool,Traditional Media,1,Social Media,Men's Wear,Poor,Strong,210,No,360,12/11/2024 15:31,2/5/2023,76803,70,Festival-Driven High Spenders
C0037,56.0,Male,Christian,Rainy,Christmas,Low,Low,1955,5,Urban,Undergraduate,Indo-Western,Dark,,Silk,Celebrity Trends,0,Local Trends,Accessories,Average,Weak,220,No,320,6/7/2024 2:34,2/6/2023,41551,6,Price-Sensitive Young Fashionistas
C0038,35.0,Female,Muslim,Summer,Diwali,High,Low,1787,3,Rural,High School,Traditional,Bright,Floral,,Traditional Media,2,,Women's Wear,Excellent,Weak,181,No,301,7/9/2024 6:23,2/7/2023,21394,67,Comfort-First Traditional Buyers
C0039,21.0,Male,Christian,Summer,Diwali,High,Medium,1267,5,Rural,Undergraduate,Ethnic Wear,Neutral,Solid,Wool,E-Commerce Trends,2,,Original Fit,Average,Moderate,211,No,352,5/13/2024 10:01,2/8/2023,79092,7,Comfort-First Traditional Buyers
C0040,42.0,Male,Christian,Winter,Diwali,High,Medium,2321,7,Rural,High School,Sarees / Salwar Kameez,Dark,Floral,Silk,Celebrity Trends,2,Celebrities,,Good,Moderate,212,No,278,11/28/2024 18:43,2/9/2023,13890,51,Comfort-First Traditional Buyers
C0041,31.0,,Christian,Summer,,Medium,Medium,2785,2,Rural,Graduate,Fusion Wear,Dark,Printed,Cotton,Traditional Media,3,Social Media,Women's Wear,Excellent,Strong,201,No,265,7/27/2024 20:37,2/10/2023,51606,72,Seasonal Trend Followers
C0042,26.0,Female,Christian,Summer,Eid,Medium,Low,1569,3,Urban,Postgraduate,Western Casual,Bright,Floral,Silk,Celebrity Trends,0,,Women's Wear,Poor,Weak,192,No,287,6/17/2024 22:47,2/11/2023,90038,42,Price-Sensitive Young Fashionistas
C0043,43.0,Male,Christian,Winter,Eid,High,High,3616,6,Rural,Postgraduate,Formal Wear,Bright,,Silk,Social Media,3,Social Media,Accessories,Good,Weak,222,No,388,2/7/2025 21:55,2/12/2023,97313,64,Seasonal Trend Followers
C0044,19.0,Female,Christian,Rainy,,Medium,High,3373,2,Urban,Postgraduate,Casual/Formal,,Solid,Rayon,Traditional Media,1,Celebrities,Women's Wear,Poor,Strong,196,Yes,370,3/21/2025 11:41,2/13/2023,20627,15,Festival-Driven High Spenders
C0045,37.0,Male,Christian,Summer,Diwali,High,Medium,1963,3,Urban,High School,Indo-Western,Dark,Solid,Rayon,Local Culture,0,,Original Fit,Excellent,Strong,188,No,356,7/14/2024 22:20,2/14/2023,18792,29,Price-Sensitive Young Fashionistas
C0046,45.0,Female,Muslim,Winter,Christmas,Medium,Medium,1906,7,Rural,High School,Sarees / Salwar Kameez,Pastel,Checks,,Celebrity Trends,2,Celebrities,Women's Wear,Average,Strong,191,No,340,6/10/2024 19:57,2/15/2023,83969,33,Comfort-First Traditional Buyers
C0047,24.0,Female,Hindu,Summer,Diwali,High,High,3176,6,Rural,High School,Formal Wear,Dark,,,Social Media,1,,Men's Wear,Good,Moderate,226,No,257,6/16/2024 13:12,2/16/2023,53001,94,Festival-Driven High Spenders
C0048,25.0,Male,Hindu,,Eid,Medium,High,1703,2,Rural,Postgraduate,Ethnic Wear,Pastel,Checks,Wool,Social Media,2,Local Trends,Men's Wear,Good,Strong,205,No,306,2/5/2025 9:59,2/17/2023,86552,27,Comfort-First Traditional Buyers
C0049,52.0,Male,Muslim,Rainy,Eid,Medium,Medium,2456,5,Rural,Postgraduate,Festive Wear,Bright,Floral,Cotton,E-Commerce Trends,3,Social Media,Accessories,Poor,Strong,214,No,392,7/23/2024 14:55,2/18/2023,33897,36,Seasonal Trend Followers
C0050,31.0,Female,Muslim,Rainy,Christmas,High,Medium,2532,5,Urban,High School,Festive Wear,Neutral,Solid,Silk,Celebrity Trends,1,Celebrities,Original Fit,Excellent,Weak,221,No,247,10/20/2024 22:24,2/19/2023,78148,29,Festival-Driven High Spenders
C0051,34.0,Female,Muslim,Winter,Diwali,Medium,High,2430,5,Urban,High School,Traditional,,Checks,Wool,Local Culture,1,Social Media,Men's Wear,Poor,Strong,192,No,305,1/23/2025 21:16,2/20/2023,33483,38,Festival-Driven High Spenders
C0052,53.0,,Muslim,Winter,None,High,Low,1957,6,Rural,Postgraduate,Sarees / Salwar Kameez,Pastel,Floral,Silk,E-Commerce Trends,0,Celebrities,Women's Wear,Excellent,Weak,188,No,342,10/7/2024 18:30,2/21/2023,58555,57,Price-Sensitive Young Fashionistas
C0053,57.0,Female,Christian,Winter,None,Low,Medium,1370,4,Rural,Graduate,Sarees / Salwar Kameez,Pastel,,Cotton,Celebrity Trends,2,Local Trends,Men's Wear,Good,Weak,197,No,229,5/2/2025 1:33,2/22/2023,27159,97,Comfort-First Traditional Buyers
C0054,21.0,Female,Hindu,Rainy,Eid,High,High,3303,3,Urban,High School,Casual/Formal,Neutral,,Silk,Celebrity Trends,3,Local Trends,Men's Wear,Excellent,Moderate,181,No,327,1/21/2025 8:50,2/23/2023,90077,27,Seasonal Trend Followers
C0055,19.0,Female,Christian,Summer,Christmas,High,High,1114,6,Rural,Graduate,Sarees / Salwar Kameez,Dark,Printed,Cotton,E-Commerce Trends,2,Celebrities,Accessories,Good,Strong,229,No,304,7/31/2024 10:11,2/24/2023,45920,55,Comfort-First Traditional Buyers
C0056,23.0,Male,Hindu,Rainy,Diwali,High,High,1490,5,Urban,High School,Party Wear,Pastel,Solid,Silk,E-Commerce Trends,2,Celebrities,Women's Wear,Excellent,Strong,201,No,312,3/22/2025 22:50,2/25/2023,77121,33,Comfort-First Traditional Buyers
C0057,59.0,Female,Hindu,Winter,,Medium,,2132,4,Rural,High School,Festive Wear,Pastel,Floral,Cotton,E-Commerce Trends,2,,Women's Wear,Average,Weak,194,No,295,1/27/2025 22:17,2/26/2023,79479,68,Comfort-First Traditional Buyers
C0058,,Male,Muslim,Winter,Eid,High,Low,2978,3,Rural,High School,Fusion Wear,Pastel,Printed,Silk,Local Culture,3,,Women's Wear,Excellent,Moderate,238,No,344,9/7/2024 15:05,2/27/2023,99475,86,Seasonal Trend Followers
C0059,46.0,Female,Christian,Rainy,Eid,Low,High,2386,5,Urban,Graduate,Traditional,Neutral,Printed,Cotton,E-Commerce Trends,1,Social Media,Accessories,Average,Moderate,200,No,235,3/28/2025 18:42,2/28/2023,29457,66,Festival-Driven High Spenders
C0060,35.0,Male,Muslim,Winter,,Medium,Medium,2366,7,Urban,High School,Sarees / Salwar Kameez,Bright,Floral,Rayon,Celebrity Trends,1,Local Trends,Women's Wear,Excellent,Strong,191,Yes,330,6/6/2024 22:40,3/1/2023,76557,10,Festival-Driven High Spenders
C0061,43.0,Male,Christian,,Diwali,High,Low,3032,2,Rural,Undergraduate,Hijab/Abaya,Pastel,,Silk,Traditional Media,3,Celebrities,Women's Wear,Excellent,Weak,204,No,229,9/21/2024 2:28,3/2/2023,87189,5,Seasonal Trend Followers
C0062,51.0,Male,Hindu,Winter,Eid,Low,High,2241,2,Rural,Postgraduate,Formal Wear,Neutral,Floral,Silk,Local Culture,1,Social Media,Men's Wear,Poor,Strong,169,Yes,257,5/27/2024 18:36,3/3/2023,88953,74,Festival-Driven High Spenders
C0063,27.0,Female,Muslim,Summer,Diwali,Medium,Low,1601,7,Rural,Undergraduate,Indo-Western,Pastel,Checks,Wool,Celebrity Trends,2,Celebrities,Men's Wear,,Strong,223,No,266,12/18/2024 11:47,3/4/2023,62995,97,Comfort-First Traditional Buyers
C0064,53.0,,Muslim,Summer,None,Low,Medium,2976,6,Urban,Graduate,Western Casual,Dark,Printed,Wool,Local Culture,3,Social Media,Women's Wear,Good,Strong,183,No,284,7/8/2024 23:54,3/5/2023,50757,38,Seasonal Trend Followers
C0065,31.0,Male,Hindu,Winter,Eid,Low,High,2762,7,Rural,Undergraduate,Hijab/Abaya,Neutral,Printed,Cotton,Traditional Media,1,Celebrities,Original Fit,Poor,Strong,207,Yes,349,12/17/2024 7:37,3/6/2023,19692,13,Festival-Driven High Spenders
C0066,48.0,Male,Hindu,Rainy,Diwali,High,Medium,3718,5,Rural,High School,Formal Wear,Pastel,Printed,Silk,Local Culture,3,Local Trends,Original Fit,Excellent,Weak,188,Yes,351,12/5/2024 12:40,3/7/2023,55758,31,Seasonal Trend Followers
C0067,32.0,Female,Hindu,Summer,Eid,High,,3257,5,Urban,High School,Sarees / Salwar Kameez,Neutral,Solid,Cotton,E-Commerce Trends,1,Celebrities,Women's Wear,Poor,,194,No,326,4/13/2025 0:30,3/8/2023,82409,47,Festival-Driven High Spenders
C0068,25.0,Female,Muslim,Rainy,Christmas,High,High,3387,7,Rural,High School,Traditional,Pastel,Solid,Rayon,Social Media,3,Social Media,Original Fit,Excellent,Strong,205,No,320,4/4/2025 19:14,3/9/2023,81211,100,Seasonal Trend Followers
C0069,31.0,Female,Christian,Winter,Eid,Medium,High,1245,7,Rural,Graduate,Indo-Western,Bright,,Wool,E-Commerce Trends,2,Celebrities,Accessories,Average,Strong,177,No,197,8/22/2024 10:19,3/10/2023,75697,88,Comfort-First Traditional Buyers
C0070,,Female,Muslim,,Eid,High,High,2400,2,Rural,Postgraduate,Hijab/Abaya,Pastel,Floral,Cotton,Local Culture,0,Social Media,Men's Wear,Excellent,Strong,192,Yes,272,4/26/2025 5:40,3/11/2023,47065,52,Price-Sensitive Young Fashionistas
C0071,57.0,Female,Christian,Summer,Christmas,High,High,1012,2,Rural,Graduate,Hijab/Abaya,Neutral,Printed,Cotton,Celebrity Trends,0,Celebrities,Accessories,Good,Strong,207,No,349,5/11/2024 14:42,3/12/2023,42606,56,Price-Sensitive Young Fashionistas
C0072,38.0,Female,Muslim,,None,High,Low,1722,5,Urban,Graduate,Party Wear,Dark,Printed,Wool,Local Culture,2,Local Trends,Men's Wear,Average,Moderate,200,No,279,3/19/2025 11:29,3/13/2023,21534,15,Comfort-First Traditional Buyers
C0073,33.0,Male,Muslim,Rainy,Diwali,Medium,High,2370,6,Urban,Undergraduate,Indo-Western,Dark,Floral,Silk,E-Commerce Trends,2,Local Trends,Original Fit,Good,Moderate,206,No,387,11/25/2024 20:08,3/14/2023,50397,29,Comfort-First Traditional Buyers
C0074,35.0,Male,Hindu,Winter,Christmas,High,High,2067,2,Urban,Graduate,Festive Wear,Dark,,Cotton,Local Culture,2,Celebrities,Original Fit,Good,Moderate,208,No,298,2/11/2025 21:58,3/15/2023,11016,8,Comfort-First Traditional Buyers
C0075,,Male,Christian,Winter,Eid,High,Low,1839,3,Rural,High School,Casual/Formal,Pastel,Floral,Wool,Social Media,0,Celebrities,Women's Wear,Good,Moderate,228,No,342,2/15/2025 16:30,3/16/2023,99789,5,Price-Sensitive Young Fashionistas
C0076,43.0,,Muslim,Winter,,High,,824,4,Urban,Postgraduate,Party Wear,Bright,Solid,Silk,Celebrity Trends,0,Celebrities,Original Fit,Poor,Strong,193,Yes,317,1/13/2025 3:42,3/17/2023,65591,29,Price-Sensitive Young Fashionistas
C0077,42.0,Male,Muslim,Summer,Christmas,High,Low,2162,2,Urban,Graduate,Western Casual,Pastel,Printed,Rayon,Social Media,0,Social Media,Original Fit,Good,Weak,225,No,323,4/8/2025 7:08,3/18/2023,99812,47,Price-Sensitive Young Fashionistas
C0078,58.0,Female,Hindu,Summer,,Medium,Low,1362,2,Urban,High School,Western Casual,Dark,Checks,Wool,E-Commerce Trends,0,Celebrities,,Average,Moderate,189,No,340,4/27/2025 20:41,3/19/2023,33247,68,Price-Sensitive Young Fashionistas
C0079,46.0,,Hindu,Winter,Diwali,Medium,Low,2068,6,Rural,High School,Ethnic Wear,Neutral,Solid,Cotton,Social Media,2,,Women's Wear,,Moderate,215,No,252,9/17/2024 4:28,3/20/2023,34300,76,Comfort-First Traditional Buyers
C0080,32.0,Female,Christian,Winter,,High,Low,1748,6,Rural,Undergraduate,Festive Wear,Dark,Printed,Rayon,Celebrity Trends,0,Social Media,Men's Wear,Good,Strong,201,Yes,213,4/7/2025 3:23,3/21/2023,84065,45,Price-Sensitive Young Fashionistas
C0081,18.0,Female,Muslim,Summer,Diwali,High,High,2290,7,Rural,Postgraduate,Hijab/Abaya,Neutral,Printed,Silk,Social Media,1,Local Trends,Original Fit,Average,Strong,178,No,278,12/26/2024 21:04,3/22/2023,92798,2,Festival-Driven High Spenders
C0082,42.0,Male,Christian,Summer,None,High,High,1566,7,Urban,High School,Festive Wear,Bright,Checks,Silk,Local Culture,0,Celebrities,Men's Wear,Good,Strong,221,Yes,358,5/17/2024 2:00,3/23/2023,19268,27,Price-Sensitive Young Fashionistas
C0083,24.0,Female,Muslim,Summer,Christmas,High,Medium,3207,5,Rural,Undergraduate,Indo-Western,Neutral,Printed,Wool,Celebrity Trends,1,Celebrities,Men's Wear,Excellent,Strong,193,No,239,10/5/2024 16:58,3/24/2023,96807,95,Festival-Driven High Spenders
C0084,26.0,Female,Christian,Summer,None,High,High,1581,7,Rural,Postgraduate,Traditional,Pastel,,Wool,E-Commerce Trends,0,Local Trends,Accessories,Average,Weak,220,No,250,7/31/2024 16:56,3/25/2023,22185,36,Price-Sensitive Young Fashionistas
C0085,41.0,Male,,Winter,Eid,High,High,1678,3,Rural,Graduate,Fusion Wear,,Solid,Wool,Traditional Media,2,Local Trends,Original Fit,Average,Weak,206,No,238,3/18/2025 0:08,3/26/2023,73704,36,Comfort-First Traditional Buyers
C0086,18.0,Female,Muslim,Summer,Diwali,High,Low,2784,3,Urban,Undergraduate,Sarees / Salwar Kameez,Pastel,Solid,Silk,Celebrity Trends,3,Social Media,Original Fit,Excellent,Moderate,184,Yes,351,9/10/2024 17:58,3/27/2023,96779,26,Seasonal Trend Followers
C0087,25.0,Female,Christian,Winter,Eid,High,Low,1842,2,Urban,Undergraduate,Casual/Formal,Neutral,Checks,Rayon,Traditional Media,0,Celebrities,Accessories,Average,Weak,204,Yes,272,10/14/2024 15:24,3/28/2023,49099,43,Price-Sensitive Young Fashionistas
C0088,41.0,Female,,Rainy,Eid,High,,1203,7,Urban,Undergraduate,Party Wear,Pastel,Checks,Silk,Social Media,2,,Men's Wear,Excellent,Moderate,179,No,218,4/29/2025 0:06,3/29/2023,18571,27,Comfort-First Traditional Buyers
C0089,28.0,Female,Hindu,Rainy,Diwali,High,Medium,2813,4,Rural,Undergraduate,Western Casual,Pastel,Printed,Cotton,Traditional Media,3,Social Media,Original Fit,Average,Moderate,202,Yes,336,10/6/2024 2:52,3/30/2023,48044,69,Seasonal Trend Followers
C0090,34.0,Female,Christian,Summer,Christmas,High,Low,2705,5,Urban,Graduate,Sarees / Salwar Kameez,Pastel,,Silk,E-Commerce Trends,1,Local Trends,,Average,Weak,206,Yes,295,1/24/2025 2:34,3/31/2023,61214,20,Festival-Driven High Spenders
C0091,25.0,Female,Muslim,Rainy,Diwali,Low,High,1684,4,Rural,Postgraduate,Fusion Wear,Bright,Checks,Cotton,Social Media,2,Social Media,Accessories,Excellent,,209,No,351,6/4/2024 7:03,4/1/2023,71228,11,Comfort-First Traditional Buyers
C0092,52.0,,Muslim,Rainy,Eid,High,High,3127,6,Rural,Graduate,Casual/Formal,Neutral,Checks,Rayon,E-Commerce Trends,1,Local Trends,Women's Wear,Excellent,Strong,193,No,316,10/31/2024 7:11,4/2/2023,58984,74,Festival-Driven High Spenders
C0093,52.0,Male,Hindu,Rainy,Eid,Medium,,2092,6,Urban,High School,Sarees / Salwar Kameez,,Floral,,Traditional Media,0,Social Media,Men's Wear,Average,Moderate,206,Yes,302,4/26/2025 11:05,4/3/2023,50774,38,Price-Sensitive Young Fashionistas
C0094,50.0,Male,Muslim,Summer,,Low,Medium,1211,4,Rural,High School,Festive Wear,Dark,,,Social Media,2,Local Trends,Original Fit,Average,Strong,207,No,359,12/27/2024 14:56,4/4/2023,12568,6,Comfort-First Traditional Buyers
C0095,22.0,Female,Muslim,Summer,Diwali,Low,Low,3551,7,Urban,Postgraduate,Party Wear,Neutral,Printed,Silk,Traditional Media,1,Social Media,Women's Wear,Excellent,,178,Yes,362,12/30/2024 13:02,4/5/2023,72592,72,Festival-Driven High Spenders
C0096,59.0,Male,,Rainy,Eid,High,Medium,1729,4,Rural,Graduate,Sarees / Salwar Kameez,Bright,Solid,Wool,Local Culture,0,Local Trends,Men's Wear,Poor,Weak,190,No,243,8/28/2024 12:43,4/6/2023,77563,23,Price-Sensitive Young Fashionistas
C0097,56.0,Female,Hindu,Winter,None,Medium,High,1600,2,Rural,Graduate,Festive Wear,Neutral,Checks,Rayon,E-Commerce Trends,2,Local Trends,Men's Wear,Excellent,Moderate,221,No,377,11/29/2024 15:54,4/7/2023,12695,47,Comfort-First Traditional Buyers
C0098,58.0,,Christian,Rainy,Eid,Medium,High,1489,2,Urban,Graduate,Sarees / Salwar Kameez,Bright,Floral,Wool,Traditional Media,2,Local Trends,Women's Wear,Average,Strong,213,No,250,6/28/2024 4:19,4/8/2023,58190,90,Comfort-First Traditional Buyers
C0099,45.0,Female,,Summer,Eid,Medium,Medium,1352,4,Urban,Postgraduate,Western Casual,Bright,Solid,Silk,Traditional Media,0,Local Trends,Women's Wear,,Moderate,203,No,352,7/28/2024 1:19,4/9/2023,15258,46,Price-Sensitive Young Fashionistas
C0100,24.0,Female,,Summer,Christmas,Medium,,3348,2,Rural,Postgraduate,Sarees / Salwar Kameez,Neutral,Checks,,Traditional Media,3,Local Trends,Women's Wear,Average,Weak,186,No,246,9/15/2024 20:39,4/10/2023,97538,12,Seasonal Trend Followers
C0101,26.0,Female,Hindu,Summer,,High,Medium,3296,5,Urban,Postgraduate,Sarees / Salwar Kameez,Dark,,Cotton,Social Media,1,Celebrities,Original Fit,Excellent,,191,No,249,4/24/2025 6:03,4/11/2023,49504,90,Festival-Driven High Spenders
C0102,25.0,Female,Christian,Rainy,,Medium,Medium,1532,4,Rural,Undergraduate,Indo-Western,,Checks,Silk,E-Commerce Trends,2,Local Trends,Original Fit,Average,Moderate,206,Yes,309,12/30/2024 23:56,4/12/2023,43159,13,Comfort-First Traditional Buyers
C0103,,Male,Muslim,Winter,Eid,Medium,Low,3672,7,Urban,High School,Western Casual,Pastel,Solid,,Traditional Media,1,Celebrities,Men's Wear,Poor,Strong,223,No,386,6/25/2024 21:06,4/13/2023,23986,62,Festival-Driven High Spenders
C0104,,Female,Muslim,Summer,None,Low,Medium,1965,2,Rural,High School,Festive Wear,Neutral,Solid,Rayon,Celebrity Trends,0,Local Trends,Men's Wear,Good,Weak,197,No,303,11/5/2024 12:27,4/14/2023,71858,82,Price-Sensitive Young Fashionistas
C0105,50.0,Male,Christian,Summer,Diwali,High,Low,1351,5,Urban,High School,Formal Wear,,Solid,Silk,E-Commerce Trends,0,Celebrities,,Poor,Moderate,191,No,306,12/15/2024 20:24,4/15/2023,22666,89,Price-Sensitive Young Fashionistas
C0106,40.0,Male,Christian,Rainy,Diwali,High,High,1211,5,Urban,Postgraduate,Ethnic Wear,Bright,Printed,Silk,Local Culture,0,,Original Fit,Excellent,Strong,217,No,266,6/3/2024 23:55,4/16/2023,48660,97,Price-Sensitive Young Fashionistas
C0107,41.0,Female,Hindu,Winter,Eid,High,Medium,1137,5,Urban,Graduate,Casual/Formal,Neutral,Checks,Rayon,Social Media,2,Social Media,Men's Wear,Average,Moderate,184,No,302,4/20/2025 17:08,4/17/2023,13561,60,Comfort-First Traditional Buyers
C0108,54.0,Female,Hindu,,Eid,High,Low,2319,6,Rural,Postgraduate,Western Casual,,Printed,,Social Media,3,Local Trends,Women's Wear,Excellent,Strong,228,Yes,399,3/1/2025 17:35,4/18/2023,36854,43,Seasonal Trend Followers
C0109,52.0,Male,Christian,Summer,Diwali,High,Medium,3144,3,Rural,Undergraduate,Formal Wear,,Solid,Silk,Traditional Media,3,Social Media,Women's Wear,Good,Strong,203,No,348,12/7/2024 9:16,4/19/2023,74505,76,Seasonal Trend Followers
C0110,57.0,Female,Muslim,Winter,Christmas,High,High,2339,7,Rural,Undergraduate,Fusion Wear,,Floral,Silk,Celebrity Trends,0,Social Media,Original Fit,Excellent,,182,No,289,1/9/2025 1:33,4/20/2023,62251,100,Price-Sensitive Young Fashionistas
C0111,39.0,Female,Hindu,Winter,None,High,High,2378,4,Rural,Postgraduate,Fusion Wear,Pastel,Checks,Cotton,Celebrity Trends,0,Local Trends,Women's Wear,Average,Weak,219,No,290,8/21/2024 13:01,4/21/2023,32662,68,Price-Sensitive Young Fashionistas
C0112,44.0,Female,Hindu,Summer,None,Medium,High,2156,3,Urban,Graduate,Formal Wear,Pastel,Printed,Wool,Local Culture,2,Social Media,Accessories,Good,Weak,208,No,325,5/15/2024 21:09,4/22/2023,18392,5,Comfort-First Traditional Buyers
C0113,52.0,Female,Muslim,Winter,Christmas,High,Medium,1161,5,Urban,High School,Formal Wear,Neutral,Checks,Cotton,Social Media,2,Local Trends,Men's Wear,Good,Strong,194,No,298,9/21/2024 19:49,4/23/2023,40535,37,Comfort-First Traditional Buyers
C0114,,Female,Hindu,Winter,Christmas,High,Medium,1729,2,Urban,Postgraduate,Traditional,Bright,Floral,Cotton,Social Media,2,Social Media,Men's Wear,Average,Weak,214,No,263,10/17/2024 5:44,4/24/2023,88603,72,Comfort-First Traditional Buyers
C0115,52.0,Female,Muslim,Rainy,Christmas,Medium,Low,2724,5,Urban,Graduate,Traditional,Pastel,Printed,Wool,Traditional Media,1,Local Trends,Men's Wear,Average,Strong,200,Yes,327,2/9/2025 21:05,4/25/2023,62256,92,Festival-Driven High Spenders
C0116,54.0,,Muslim,Summer,Christmas,High,,1749,4,Rural,Undergraduate,Party Wear,Bright,Solid,Wool,Traditional Media,2,Local Trends,Original Fit,Average,Weak,213,Yes,273,8/31/2024 2:00,4/26/2023,99135,31,Comfort-First Traditional Buyers
C0117,31.0,Female,Muslim,Summer,Christmas,Medium,Medium,1697,4,Urban,Graduate,Indo-Western,,Printed,Rayon,Social Media,2,Local Trends,Women's Wear,Excellent,Moderate,208,Yes,297,1/18/2025 14:47,4/27/2023,45222,9,Comfort-First Traditional Buyers
C0118,20.0,Female,,Summer,Christmas,Medium,High,3065,6,Urban,High School,Sarees / Salwar Kameez,Neutral,Checks,Wool,Traditional Media,1,Celebrities,Accessories,Poor,Weak,220,No,323,11/20/2024 20:35,4/28/2023,87373,51,Festival-Driven High Spenders
C0119,18.0,Female,Christian,Summer,None,High,,3458,3,Urban,Postgraduate,Fusion Wear,Pastel,Checks,Silk,E-Commerce Trends,3,Social Media,Original Fit,Excellent,Strong,195,Yes,241,1/27/2025 2:35,4/29/2023,89575,29,Seasonal Trend Followers
C0120,22.0,Male,Christian,Summer,Christmas,High,Low,2867,5,Rural,Postgraduate,Ethnic Wear,Neutral,Checks,Wool,Local Culture,1,Celebrities,Men's Wear,Excellent,Strong,203,No,282,3/25/2025 23:22,4/30/2023,94651,78,Festival-Driven High Spenders
C0121,43.0,Male,Muslim,Winter,Diwali,Medium,Low,2202,3,Rural,High School,Hijab/Abaya,Dark,Checks,Rayon,Social Media,0,Social Media,Accessories,Poor,Weak,199,No,300,10/27/2024 14:10,5/1/2023,73335,40,Price-Sensitive Young Fashionistas
C0122,31.0,,Muslim,Rainy,Christmas,Low,Low,2402,6,Rural,Graduate,Festive Wear,Dark,Solid,Rayon,Local Culture,2,Social Media,Men's Wear,Average,Moderate,191,No,330,2/14/2025 7:01,5/2/2023,20965,41,Comfort-First Traditional Buyers
C0123,56.0,Male,Christian,,Christmas,Low,Low,3079,5,Urban,High School,Fusion Wear,Pastel,Printed,Rayon,E-Commerce Trends,3,Social Media,Men's Wear,Average,,156,No,273,2/1/2025 10:37,5/3/2023,34538,86,Seasonal Trend Followers
C0124,,Female,Hindu,Rainy,,Medium,High,1785,3,Urban,Postgraduate,Sarees / Salwar Kameez,Dark,Solid,Wool,Social Media,0,Celebrities,Original Fit,Poor,Strong,215,Yes,266,3/7/2025 16:04,5/4/2023,80592,11,Price-Sensitive Young Fashionistas
C0125,26.0,Female,Muslim,Rainy,None,Medium,Low,1207,3,Rural,Graduate,Western Casual,Bright,Solid,Wool,Celebrity Trends,0,Social Media,Men's Wear,Poor,Strong,181,No,258,4/13/2025 2:45,5/5/2023,18110,23,Price-Sensitive Young Fashionistas
C0126,,Female,Hindu,,Christmas,High,,1450,2,Urban,Graduate,Formal Wear,Pastel,,Cotton,Social Media,2,Celebrities,,Excellent,Strong,212,No,381,5/9/2024 21:47,5/6/2023,89309,1,Comfort-First Traditional Buyers
C0127,,Male,Hindu,,None,Medium,Low,2234,2,Urban,Undergraduate,Party Wear,Pastel,,Cotton,E-Commerce Trends,0,Local Trends,Men's Wear,Good,Strong,205,No,288,7/5/2024 20:06,5/7/2023,37266,46,Price-Sensitive Young Fashionistas
C0128,43.0,Female,Muslim,Winter,Eid,High,Low,2510,3,Urban,Graduate,Sarees / Salwar Kameez,Bright,Checks,Silk,E-Commerce Trends,2,Social Media,,Poor,Moderate,169,No,340,4/12/2025 22:51,5/8/2023,62992,21,Comfort-First Traditional Buyers
C0129,59.0,Female,Muslim,Summer,None,High,,3601,4,Urban,High School,Formal Wear,,Checks,Cotton,Celebrity Trends,1,Social Media,Men's Wear,Excellent,Weak,202,No,235,5/11/2024 21:06,5/9/2023,92948,90,Festival-Driven High Spenders
C0130,30.0,Female,Hindu,Winter,None,Medium,Low,1307,2,Rural,Postgraduate,Hijab/Abaya,Dark,Printed,Silk,Celebrity Trends,0,,Original Fit,Good,Moderate,201,No,285,4/28/2025 5:33,5/10/2023,16910,36,Price-Sensitive Young Fashionistas
C0131,49.0,Female,Hindu,Rainy,None,Medium,High,2685,5,Urban,High School,Western Casual,Dark,Floral,Rayon,Social Media,1,Local Trends,Accessories,Average,Moderate,213,No,360,12/12/2024 0:26,5/11/2023,10206,54,Festival-Driven High Spenders
C0132,56.0,Female,Christian,Summer,None,High,Medium,1515,3,Urban,Postgraduate,Festive Wear,Pastel,,,E-Commerce Trends,2,Social Media,Original Fit,Average,Strong,197,No,313,2/5/2025 1:43,5/12/2023,97054,87,Comfort-First Traditional Buyers
C0133,49.0,Male,Christian,Rainy,Diwali,Medium,High,2038,4,Rural,Postgraduate,Indo-Western,Pastel,Printed,Wool,Traditional Media,0,Local Trends,Women's Wear,Excellent,Moderate,216,No,249,11/3/2024 4:34,5/13/2023,97897,57,Price-Sensitive Young Fashionistas
C0134,21.0,Female,Muslim,Rainy,Diwali,Low,High,3045,6,Urban,Postgraduate,Traditional,Dark,Checks,Cotton,Social Media,1,Celebrities,Men's Wear,Excellent,Strong,196,Yes,274,4/7/2025 15:48,5/14/2023,33419,1,Festival-Driven High Spenders
C0135,47.0,Male,,Winter,Diwali,Medium,Low,3447,4,Urban,Undergraduate,Casual/Formal,Neutral,Checks,Silk,Celebrity Trends,3,Celebrities,,,Moderate,184,No,336,6/13/2024 21:20,5/15/2023,60636,63,Seasonal Trend Followers
C0136,54.0,Male,Christian,Summer,Christmas,Low,Medium,1037,5,Rural,Undergraduate,Indo-Western,Dark,Solid,Cotton,E-Commerce Trends,2,Social Media,Original Fit,Average,Strong,202,Yes,381,9/25/2024 3:42,5/16/2023,60015,54,Comfort-First Traditional Buyers
C0137,40.0,Female,,Rainy,Christmas,Medium,Medium,610,4,Urban,Undergraduate,Indo-Western,Bright,Solid,Rayon,Social Media,2,Celebrities,Original Fit,,Strong,207,No,273,4/4/2025 7:02,5/17/2023,64268,55,Comfort-First Traditional Buyers
C0138,56.0,Male,,,Eid,Low,,2801,6,Urban,Postgraduate,Indo-Western,Pastel,Solid,Wool,E-Commerce Trends,3,Celebrities,Original Fit,Average,Moderate,202,No,324,3/17/2025 20:24,5/18/2023,97939,40,Seasonal Trend Followers
C0139,32.0,,,Summer,Diwali,Medium,Medium,2824,3,Urban,High School,Ethnic Wear,Bright,Printed,Silk,E-Commerce Trends,3,Social Media,Women's Wear,Average,Moderate,197,Yes,276,3/31/2025 4:46,5/19/2023,28141,15,Seasonal Trend Followers
C0140,46.0,Male,Muslim,Summer,Christmas,Medium,High,1552,2,Urban,Undergraduate,Western Casual,Bright,Floral,Wool,Local Culture,2,Local Trends,Women's Wear,Poor,Weak,194,No,239,6/13/2024 9:58,5/20/2023,90356,21,Comfort-First Traditional Buyers
C0141,53.0,Female,Christian,Rainy,None,High,,2208,6,Rural,High School,Western Casual,Pastel,Floral,,E-Commerce Trends,1,Social Media,Men's Wear,Good,Weak,166,No,301,5/2/2025 11:17,5/21/2023,81910,47,Festival-Driven High Spenders
C0142,30.0,Male,Hindu,Summer,None,Medium,High,3181,2,Rural,Undergraduate,Casual/Formal,Neutral,Printed,Silk,E-Commerce Trends,1,Celebrities,Men's Wear,Poor,,217,No,315,9/28/2024 9:33,5/22/2023,66044,73,Festival-Driven High Spenders
C0143,49.0,Female,Hindu,Rainy,Diwali,Medium,High,2978,6,Urban,Undergraduate,Sarees / Salwar Kameez,Dark,Checks,Wool,Traditional Media,3,Social Media,Accessories,Excellent,Moderate,199,No,267,2/28/2025 2:06,5/23/2023,77214,53,Seasonal Trend Followers
C0144,24.0,Female,Hindu,Summer,Eid,Medium,High,2439,6,Urban,Postgraduate,Traditional,Bright,Printed,,E-Commerce Trends,2,Social Media,Women's Wear,Poor,Moderate,200,No,335,9/17/2024 5:40,5/24/2023,43827,9,Comfort-First Traditional Buyers
C0145,39.0,Male,Christian,Winter,Eid,High,Medium,2293,3,Urban,High School,Festive Wear,Pastel,Checks,Cotton,Social Media,0,Celebrities,Original Fit,,Strong,185,Yes,355,3/9/2025 3:30,5/25/2023,65820,74,Price-Sensitive Young Fashionistas
C0146,45.0,Female,Christian,Rainy,None,Medium,Low,1326,3,Urban,Graduate,Fusion Wear,Bright,Printed,Wool,Traditional Media,2,Celebrities,Original Fit,,Weak,196,No,299,10/16/2024 13:38,5/26/2023,72623,52,Comfort-First Traditional Buyers
C0147,19.0,Female,Muslim,Rainy,Eid,High,Low,2020,7,Rural,Undergraduate,Hijab/Abaya,Dark,Printed,Wool,Traditional Media,0,,Accessories,Poor,Strong,206,Yes,299,6/10/2024 3:04,5/27/2023,91734,57,Price-Sensitive Young Fashionistas
C0148,59.0,,Christian,Summer,Diwali,Medium,Medium,1726,4,Rural,Graduate,Fusion Wear,Neutral,Printed,Wool,Local Culture,2,,Original Fit,Excellent,Strong,195,No,298,2/3/2025 13:19,5/28/2023,85450,26,Comfort-First Traditional Buyers
C0149,23.0,Male,Christian,Summer,None,Medium,Low,2035,6,Rural,High School,Fusion Wear,Neutral,Floral,,E-Commerce Trends,2,Celebrities,Accessories,Good,,200,Yes,319,3/16/2025 2:33,5/29/2023,32299,41,Comfort-First Traditional Buyers
C0150,45.0,Female,Hindu,Rainy,Christmas,High,Low,2150,5,Urban,High School,Fusion Wear,Neutral,Solid,Silk,Traditional Media,1,Celebrities,,Poor,Strong,207,No,217,10/29/2024 4:55,5/30/2023,53585,35,Festival-Driven High Spenders
C0151,,Female,Muslim,Summer,Christmas,Medium,High,2086,2,Urban,Postgraduate,Western Casual,Pastel,Printed,Rayon,Social Media,3,Celebrities,Women's Wear,Poor,Weak,174,No,355,4/20/2025 13:25,5/31/2023,74044,63,Seasonal Trend Followers
C0152,,Female,Christian,Winter,Eid,High,High,1712,2,Rural,Graduate,Sarees / Salwar Kameez,,Floral,Cotton,Local Culture,2,Celebrities,Accessories,Good,Strong,229,Yes,353,3/11/2025 19:03,6/1/2023,52557,25,Comfort-First Traditional Buyers
C0153,47.0,Female,Christian,Summer,None,High,Medium,1015,4,Urban,Graduate,Indo-Western,Neutral,Solid,Wool,Traditional Media,0,Celebrities,Original Fit,Excellent,Moderate,195,No,359,12/23/2024 3:55,6/2/2023,59080,90,Price-Sensitive Young Fashionistas
C0154,28.0,Male,Hindu,Winter,None,Medium,Medium,2040,5,Rural,High School,Casual/Formal,Dark,Solid,,Traditional Media,2,Local Trends,Accessories,Excellent,Moderate,198,No,323,9/30/2024 1:51,6/3/2023,12693,75,Comfort-First Traditional Buyers
C0155,45.0,Male,Hindu,Winter,Christmas,High,Low,1286,3,Rural,Graduate,Casual/Formal,Dark,Printed,Silk,Local Culture,2,,Men's Wear,Poor,Moderate,229,No,395,10/9/2024 22:46,6/4/2023,79163,38,Comfort-First Traditional Buyers
C0156,42.0,Female,Christian,Winter,None,Low,High,1945,5,Rural,Graduate,Fusion Wear,Pastel,Checks,Rayon,Traditional Media,0,Celebrities,Original Fit,Average,Weak,186,No,377,6/26/2024 18:07,6/5/2023,35939,2,Price-Sensitive Young Fashionistas
C0157,56.0,Male,Muslim,Winter,None,Medium,Medium,2003,3,Urban,High School,Formal Wear,,Checks,Wool,E-Commerce Trends,2,Social Media,Men's Wear,Poor,Strong,179,No,340,11/26/2024 10:39,6/6/2023,58925,7,Comfort-First Traditional Buyers
C0158,50.0,,Muslim,Winter,None,Medium,Medium,2607,2,Urban,Undergraduate,Party Wear,Dark,Checks,Silk,Social Media,1,Local Trends,Men's Wear,Good,Weak,178,No,321,7/14/2024 11:28,6/7/2023,52941,82,Festival-Driven High Spenders
C0159,18.0,Female,Hindu,Summer,Eid,Medium,Medium,4243,7,Urban,Undergraduate,Sarees / Salwar Kameez,,Printed,Cotton,Celebrity Trends,3,,Accessories,Good,Strong,174,Yes,260,6/14/2024 17:04,6/8/2023,31834,91,Seasonal Trend Followers
C0160,44.0,Female,Hindu,Winter,None,Medium,,2393,3,Rural,Graduate,Indo-Western,Dark,Checks,Cotton,Celebrity Trends,3,Social Media,Men's Wear,Good,Weak,216,Yes,283,4/12/2025 7:22,6/9/2023,28047,34,Seasonal Trend Followers
C0161,30.0,Female,Christian,Summer,Diwali,Medium,Medium,3263,6,Urban,Postgraduate,Traditional,Pastel,Floral,Wool,Celebrity Trends,1,Celebrities,Original Fit,Poor,Weak,214,No,231,2/4/2025 19:50,6/10/2023,36105,91,Festival-Driven High Spenders
C0162,58.0,Female,Hindu,,Eid,Medium,Medium,2162,3,Urban,Postgraduate,Western Casual,Neutral,Floral,Wool,Traditional Media,0,Celebrities,Men's Wear,Poor,Strong,180,No,264,12/10/2024 23:36,6/11/2023,85766,17,Price-Sensitive Young Fashionistas
C0163,20.0,,Christian,Rainy,None,Medium,,1753,4,Urban,Undergraduate,Casual/Formal,Bright,Floral,Rayon,Traditional Media,0,Celebrities,Men's Wear,Excellent,Weak,205,No,367,5/30/2024 14:59,6/12/2023,25707,43,Price-Sensitive Young Fashionistas
C0164,56.0,,Muslim,,None,High,High,1984,5,Urban,Undergraduate,Casual/Formal,Neutral,Floral,Rayon,Social Media,2,Celebrities,Accessories,,Strong,210,No,236,7/28/2024 3:16,6/13/2023,31976,59,Comfort-First Traditional Buyers
C0165,23.0,Female,Muslim,Rainy,Diwali,High,High,3252,2,Rural,Undergraduate,Ethnic Wear,Neutral,Solid,Wool,Traditional Media,1,Celebrities,Men's Wear,Poor,Moderate,191,No,364,12/4/2024 8:31,6/14/2023,54262,51,Festival-Driven High Spenders
C0166,25.0,Male,Christian,Winter,Eid,Medium,Medium,2941,5,Urban,Postgraduate,Fusion Wear,Pastel,Floral,Silk,E-Commerce Trends,3,Celebrities,Women's Wear,Excellent,Moderate,211,No,327,11/1/2024 21:21,6/15/2023,33776,54,Seasonal Trend Followers
C0167,44.0,Male,Hindu,Winter,Christmas,Medium,High,1663,7,Rural,Graduate,Festive Wear,Dark,Checks,Rayon,Celebrity Trends,0,Celebrities,Accessories,Poor,Moderate,195,No,317,10/17/2024 7:28,6/16/2023,40080,24,Price-Sensitive Young Fashionistas
C0168,,Female,Muslim,Winter,Christmas,Medium,High,2154,5,Rural,Graduate,Indo-Western,Dark,Printed,Wool,Local Culture,0,Local Trends,Accessories,Excellent,,193,No,237,12/3/2024 10:28,6/17/2023,76842,25,Price-Sensitive Young Fashionistas
C0169,,Female,,Rainy,Eid,Medium,High,2720,2,Rural,Undergraduate,Traditional,Pastel,Checks,Rayon,Traditional Media,2,Local Trends,Original Fit,Excellent,Moderate,217,No,296,8/7/2024 15:09,6/18/2023,71373,71,Comfort-First Traditional Buyers
C0170,50.0,Male,,Rainy,,Medium,,2553,4,Rural,Undergraduate,Hijab/Abaya,Pastel,Floral,Wool,Celebrity Trends,1,Celebrities,Original Fit,Average,Strong,211,No,280,1/20/2025 1:40,6/19/2023,16776,52,Festival-Driven High Spenders
C0171,59.0,Male,Christian,,None,High,,2559,5,Urban,High School,Sarees / Salwar Kameez,Pastel,Solid,Cotton,Social Media,2,Celebrities,,Poor,Moderate,179,No,264,10/27/2024 4:07,6/20/2023,65016,70,Comfort-First Traditional Buyers
C0172,41.0,Male,Christian,Summer,Christmas,Medium,,1627,2,Rural,High School,Formal Wear,Pastel,Floral,Wool,Social Media,2,Local Trends,Original Fit,Excellent,,200,No,249,3/19/2025 11:52,6/21/2023,19474,88,Comfort-First Traditional Buyers
C0173,32.0,Male,Christian,Winter,Christmas,High,,1577,6,Rural,Graduate,Indo-Western,Pastel,Printed,Cotton,Celebrity Trends,2,,Women's Wear,Good,Weak,192,Yes,238,10/17/2024 12:58,6/22/2023,68053,33,Comfort-First Traditional Buyers
C0174,49.0,Female,Muslim,Rainy,,High,Medium,1814,5,Urban,Undergraduate,Party Wear,,Checks,Rayon,Traditional Media,0,Local Trends,Accessories,,Strong,195,Yes,278,4/23/2025 14:33,6/23/2023,31959,49,Price-Sensitive Young Fashionistas
C0175,49.0,,Hindu,,Diwali,High,Low,2896,6,Urban,Graduate,Western Casual,,Printed,Wool,Local Culture,1,Celebrities,Men's Wear,,Weak,222,No,347,10/21/2024 13:27,6/24/2023,15530,29,Festival-Driven High Spenders
C0176,41.0,Female,Hindu,Rainy,Christmas,Medium,High,3051,3,Rural,Graduate,Indo-Western,Neutral,Printed,,E-Commerce Trends,1,Social Media,Original Fit,Average,Weak,192,No,275,6/6/2024 2:27,6/25/2023,13748,63,Festival-Driven High Spenders
C0177,58.0,Female,Hindu,Rainy,Diwali,Medium,Low,1765,4,Urban,High School,Ethnic Wear,Neutral,Printed,Cotton,Celebrity Trends,0,Social Media,,Excellent,Strong,232,No,395,2/13/2025 19:01,6/26/2023,23545,22,Price-Sensitive Young Fashionistas
C0178,29.0,Female,Muslim,Rainy,Eid,Low,High,1853,6,Urban,Graduate,Festive Wear,Dark,,Wool,Traditional Media,2,Social Media,Original Fit,,,205,No,391,2/21/2025 12:41,6/27/2023,76199,26,Comfort-First Traditional Buyers
C0179,56.0,Female,Muslim,Winter,None,Low,Low,2778,5,Rural,Undergraduate,Formal Wear,Bright,Floral,Rayon,Local Culture,1,Social Media,Men's Wear,Poor,,191,Yes,219,3/9/2025 13:06,6/28/2023,44766,28,Festival-Driven High Spenders
C0180,19.0,Male,Muslim,Rainy,Christmas,Low,Low,1144,2,Rural,Graduate,Ethnic Wear,,Printed,Cotton,E-Commerce Trends,2,Celebrities,Original Fit,Poor,Moderate,207,No,259,10/18/2024 23:09,6/29/2023,83530,85,Comfort-First Traditional Buyers
C0181,20.0,Female,,,None,High,Low,1870,4,Urban,High School,Sarees / Salwar Kameez,Dark,Checks,Rayon,Local Culture,0,Social Media,Men's Wear,Excellent,Strong,213,No,264,4/18/2025 19:23,6/30/2023,71087,49,Price-Sensitive Young Fashionistas
C0182,54.0,Male,Muslim,Winter,None,Medium,Medium,2199,7,Rural,High School,Western Casual,Bright,Solid,Silk,Local Culture,3,Local Trends,Accessories,Good,Strong,177,No,346,3/24/2025 14:47,7/1/2023,78840,71,Seasonal Trend Followers
C0183,34.0,Male,Hindu,Rainy,Christmas,Medium,,1805,2,Urban,Undergraduate,Festive Wear,Bright,,Cotton,Traditional Media,2,Local Trends,Accessories,,Strong,171,No,284,12/24/2024 13:23,7/2/2023,64384,81,Comfort-First Traditional Buyers
C0184,19.0,,,Winter,Christmas,High,Low,3125,4,Urban,Postgraduate,Western Casual,Dark,Solid,Cotton,Traditional Media,1,Social Media,Accessories,Excellent,Weak,198,No,352,6/18/2024 10:43,7/3/2023,61005,84,Festival-Driven High Spenders
C0185,19.0,Male,Muslim,,Eid,Medium,Low,2625,2,Urban,Graduate,Sarees / Salwar Kameez,Bright,Checks,Cotton,Social Media,2,Local Trends,Women's Wear,Excellent,Strong,194,Yes,359,11/9/2024 6:01,7/4/2023,56576,49,Comfort-First Traditional Buyers
C0186,45.0,Male,Hindu,Summer,Diwali,Medium,High,2040,5,Urban,Graduate,Party Wear,Dark,Floral,Wool,Social Media,0,Celebrities,Men's Wear,Average,Strong,183,No,262,11/7/2024 13:20,7/5/2023,49353,20,Price-Sensitive Young Fashionistas
C0187,40.0,Female,Muslim,Summer,Diwali,Low,Low,1475,5,Urban,Postgraduate,Formal Wear,Neutral,Printed,Wool,E-Commerce Trends,2,Social Media,Original Fit,Poor,Strong,205,No,219,6/20/2024 10:47,7/6/2023,72003,86,Comfort-First Traditional Buyers
C0188,,Male,Hindu,Rainy,None,Medium,High,2265,2,Urban,Postgraduate,Traditional,Dark,Floral,Wool,E-Commerce Trends,1,Social Media,Original Fit,Excellent,Moderate,176,No,256,6/4/2024 2:05,7/7/2023,93211,92,Festival-Driven High Spenders
C0189,49.0,Female,Hindu,Summer,Christmas,High,Low,1955,5,Rural,Undergraduate,Hijab/Abaya,Bright,Checks,Silk,Social Media,0,Celebrities,Original Fit,,Strong,174,No,310,6/5/2024 0:50,7/8/2023,62733,63,Price-Sensitive Young Fashionistas
C0190,50.0,Male,,Winter,Eid,Medium,Low,3013,7,Urban,High School,Hijab/Abaya,Neutral,Printed,Silk,Traditional Media,3,Local Trends,,,Weak,209,Yes,293,1/19/2025 22:35,7/9/2023,75318,61,Seasonal Trend Followers
C0191,18.0,,Christian,Summer,Eid,High,Medium,2200,6,Urban,High School,Western Casual,,Solid,Cotton,Social Media,0,Celebrities,Women's Wear,Average,Strong,195,Yes,238,6/10/2024 14:47,7/10/2023,99474,49,Price-Sensitive Young Fashionistas
C0192,36.0,,Christian,Rainy,Eid,High,High,3273,3,Urban,Undergraduate,Sarees / Salwar Kameez,Pastel,Checks,Silk,E-Commerce Trends,3,Celebrities,Original Fit,Average,,195,No,346,10/9/2024 1:43,7/11/2023,33664,71,Seasonal Trend Followers
C0193,19.0,Female,Christian,Rainy,Eid,High,Low,1844,5,Urban,Postgraduate,Fusion Wear,,,Rayon,E-Commerce Trends,2,Local Trends,Women's Wear,Average,Moderate,212,No,316,6/27/2024 13:42,7/12/2023,77172,1,Comfort-First Traditional Buyers
C0194,43.0,,Muslim,Winter,Eid,Low,High,1613,3,Urban,Postgraduate,Ethnic Wear,Bright,Solid,,Social Media,2,Celebrities,Men's Wear,Excellent,,197,Yes,248,2/27/2025 10:48,7/13/2023,95616,96,Comfort-First Traditional Buyers
C0195,49.0,Male,Christian,Rainy,Diwali,High,High,2403,2,Urban,High School,Ethnic Wear,Dark,Solid,Cotton,Local Culture,3,Local Trends,Accessories,Good,Weak,180,Yes,282,8/29/2024 2:42,7/14/2023,36736,13,Seasonal Trend Followers
C0196,23.0,Female,Hindu,,Diwali,Medium,Medium,2107,7,Rural,Postgraduate,Festive Wear,Dark,Floral,Rayon,E-Commerce Trends,1,Local Trends,Original Fit,Good,Strong,170,No,319,7/3/2024 10:17,7/15/2023,10854,94,Festival-Driven High Spenders
C0197,49.0,,Muslim,Summer,Diwali,High,Medium,2922,6,Rural,Undergraduate,Ethnic Wear,Bright,Checks,Cotton,Traditional Media,2,Celebrities,Accessories,,Weak,180,Yes,296,2/19/2025 11:40,7/16/2023,48623,87,Comfort-First Traditional Buyers
C0198,21.0,Female,,Summer,Christmas,Low,Medium,1598,5,Urban,Undergraduate,Indo-Western,Neutral,Solid,Silk,E-Commerce Trends,0,Local Trends,Men's Wear,Poor,Moderate,211,No,243,9/16/2024 21:57,7/17/2023,17392,51,Price-Sensitive Young Fashionistas
C0199,28.0,Male,Hindu,Winter,,High,Medium,2195,3,Rural,Undergraduate,Hijab/Abaya,Bright,Printed,Wool,Traditional Media,0,Celebrities,Men's Wear,,Strong,238,No,375,8/23/2024 6:37,7/18/2023,65680,56,Price-Sensitive Young Fashionistas
C0200,34.0,Female,Muslim,Winter,Eid,High,Medium,1769,3,Urban,Undergraduate,Fusion Wear,Bright,Solid,Rayon,Celebrity Trends,0,Local Trends,Original Fit,Good,Moderate,191,No,261,2/7/2025 19:11,7/19/2023,56717,83,Price-Sensitive Young Fashionistas
C0201,55.0,Male,Muslim,Rainy,Christmas,High,Medium,1342,2,Rural,Graduate,Ethnic Wear,Neutral,Solid,,Traditional Media,2,Social Media,Men's Wear,Good,Strong,174,Yes,299,8/11/2024 15:01,7/20/2023,97092,62,Comfort-First Traditional Buyers
C0202,41.0,Female,Christian,Summer,Eid,Medium,Medium,1719,4,Urban,High School,Formal Wear,,Floral,Rayon,Local Culture,2,Local Trends,Accessories,,Weak,205,Yes,236,2/9/2025 19:56,7/21/2023,60859,32,Comfort-First Traditional Buyers
C0203,,Female,,Winter,Diwali,High,Medium,3302,2,Urban,Postgraduate,Western Casual,Bright,Floral,Rayon,E-Commerce Trends,3,,Original Fit,Excellent,Moderate,198,No,254,5/13/2024 18:55,7/22/2023,36309,30,Seasonal Trend Followers
C0204,51.0,,Hindu,Summer,Christmas,High,Low,1294,7,Rural,Graduate,Traditional,Dark,Printed,Cotton,Traditional Media,2,,Women's Wear,Good,Strong,203,No,313,10/9/2024 21:45,7/23/2023,97455,29,Comfort-First Traditional Buyers
C0205,23.0,Male,Muslim,Winter,Diwali,Medium,High,2982,2,Urban,Postgraduate,Sarees / Salwar Kameez,Bright,Floral,,Local Culture,3,Local Trends,Original Fit,Good,Weak,166,No,240,11/12/2024 7:17,7/24/2023,73734,49,Seasonal Trend Followers
C0206,39.0,Female,Hindu,Summer,Eid,Medium,Medium,2899,7,Urban,Postgraduate,Traditional,Neutral,Solid,Silk,Local Culture,3,Social Media,,Excellent,Moderate,198,Yes,338,12/5/2024 11:50,7/25/2023,80467,45,Seasonal Trend Followers
C0207,28.0,Female,,Rainy,Eid,High,Medium,1628,3,Urban,Postgraduate,Formal Wear,Neutral,Solid,Rayon,Social Media,2,Social Media,Original Fit,Poor,Strong,190,No,338,12/22/2024 5:30,7/26/2023,62662,93,Comfort-First Traditional Buyers
C0208,33.0,Male,Christian,Summer,None,High,High,1612,6,Rural,Postgraduate,Festive Wear,Pastel,,Cotton,Local Culture,0,Local Trends,Original Fit,Average,,198,No,225,4/26/2025 16:18,7/27/2023,22688,30,Price-Sensitive Young Fashionistas
C0209,50.0,Male,Hindu,Summer,Eid,High,,3042,2,Urban,Postgraduate,Formal Wear,Neutral,Solid,Cotton,E-Commerce Trends,1,Local Trends,Accessories,Good,Strong,203,No,322,9/14/2024 18:51,7/28/2023,35342,16,Festival-Driven High Spenders
C0210,26.0,Male,Muslim,Summer,Diwali,High,High,3771,5,Urban,High School,Fusion Wear,Pastel,Solid,Rayon,Social Media,3,Social Media,Original Fit,Average,Weak,208,No,305,1/22/2025 6:51,7/29/2023,47157,40,Seasonal Trend Followers
C0211,23.0,Female,Muslim,Summer,Eid,Medium,,3655,7,Urban,High School,Hijab/Abaya,Bright,Printed,Silk,Celebrity Trends,1,Celebrities,Original Fit,Poor,Weak,192,No,328,12/8/2024 5:46,7/30/2023,77863,19,Festival-Driven High Spenders
C0212,33.0,Female,Muslim,Summer,None,Medium,Medium,2571,6,Rural,Undergraduate,Hijab/Abaya,Dark,Floral,Silk,E-Commerce Trends,2,Social Media,Accessories,Poor,Moderate,208,No,314,8/23/2024 8:35,7/31/2023,62083,18,Comfort-First Traditional Buyers
C0213,46.0,,Hindu,Rainy,None,Medium,High,2238,7,Urban,Graduate,Sarees / Salwar Kameez,Neutral,Solid,Rayon,Traditional Media,3,Social Media,Men's Wear,Good,,223,Yes,263,5/26/2024 17:32,8/1/2023,75733,1,Seasonal Trend Followers
C0214,,Male,Hindu,Winter,,High,High,3177,6,Urban,High School,Casual/Formal,Neutral,,Silk,Traditional Media,1,Local Trends,Accessories,Excellent,Strong,232,No,296,9/6/2024 11:58,8/2/2023,99045,78,Festival-Driven High Spenders
C0215,37.0,Male,Hindu,Summer,Christmas,Medium,,2656,6,Urban,Graduate,Sarees / Salwar Kameez,Neutral,Printed,Cotton,Traditional Media,1,Local Trends,Original Fit,Poor,,205,Yes,263,11/19/2024 2:56,8/3/2023,44698,47,Festival-Driven High Spenders
C0216,53.0,Male,Christian,Rainy,Eid,High,Medium,1640,4,Urban,Undergraduate,Formal Wear,Bright,,Rayon,Local Culture,2,Social Media,Women's Wear,Average,Strong,227,No,354,7/18/2024 6:51,8/4/2023,90623,66,Comfort-First Traditional Buyers
C0217,36.0,Female,Christian,Summer,None,Medium,Medium,2082,7,Rural,Postgraduate,Casual/Formal,Pastel,Solid,Cotton,Social Media,1,Celebrities,Women's Wear,Average,Weak,166,No,333,11/11/2024 22:18,8/5/2023,32671,92,Festival-Driven High Spenders
C0218,43.0,Male,Hindu,Summer,,Medium,Medium,1421,5,Rural,Graduate,Festive Wear,Bright,Floral,Wool,Celebrity Trends,2,,Accessories,Average,Moderate,195,Yes,281,5/30/2024 18:25,8/6/2023,35184,94,Comfort-First Traditional Buyers
C0219,20.0,Male,Muslim,Winter,Eid,High,High,1601,5,Urban,High School,Party Wear,,Solid,Wool,E-Commerce Trends,0,Social Media,Women's Wear,Average,Strong,204,No,238,8/31/2024 4:08,8/7/2023,52107,38,Price-Sensitive Young Fashionistas
C0220,36.0,,Christian,Summer,Christmas,Medium,High,1630,4,Rural,Postgraduate,Party Wear,Bright,Solid,Silk,Celebrity Trends,0,Celebrities,Original Fit,Poor,Strong,216,Yes,336,5/16/2024 7:41,8/8/2023,96202,51,Price-Sensitive Young Fashionistas
C0221,37.0,Female,Hindu,Rainy,,High,Low,1822,6,Rural,Graduate,Traditional,Dark,Solid,Wool,E-Commerce Trends,2,Social Media,Original Fit,Good,,196,No,338,9/27/2024 23:10,8/9/2023,61663,63,Comfort-First Traditional Buyers
C0222,49.0,Female,Muslim,,Eid,Medium,Low,1273,4,Urban,Graduate,Sarees / Salwar Kameez,Neutral,Printed,Cotton,Social Media,0,Social Media,Accessories,Good,Weak,217,No,276,7/2/2024 14:40,8/10/2023,25708,4,Price-Sensitive Young Fashionistas
C0223,24.0,,Christian,Winter,None,High,High,2359,2,Rural,High School,Traditional,Dark,Floral,Wool,Celebrity Trends,2,,Original Fit,Average,Weak,198,Yes,342,9/18/2024 22:13,8/11/2023,59811,1,Comfort-First Traditional Buyers
C0224,58.0,Female,Muslim,Summer,Diwali,High,Low,3052,4,Rural,High School,Formal Wear,,,Cotton,Social Media,1,Celebrities,Men's Wear,Good,,233,No,295,10/25/2024 8:17,8/12/2023,12811,8,Festival-Driven High Spenders
C0225,50.0,Female,Muslim,Rainy,Diwali,Low,High,1649,2,Rural,Postgraduate,Western Casual,Pastel,Floral,,Celebrity Trends,2,Local Trends,Original Fit,Average,Strong,188,No,261,7/10/2024 1:48,8/13/2023,66250,29,Comfort-First Traditional Buyers
C0226,57.0,Male,Muslim,Summer,Eid,Medium,Low,3082,3,Urban,Postgraduate,Casual/Formal,Dark,Printed,Silk,E-Commerce Trends,1,Local Trends,Accessories,Average,Weak,205,Yes,286,11/14/2024 17:41,8/14/2023,82082,55,Festival-Driven High Spenders
C0227,56.0,Female,Muslim,Summer,None,Low,Medium,1398,4,Urban,Postgraduate,Sarees / Salwar Kameez,Dark,,Cotton,Celebrity Trends,0,Celebrities,Men's Wear,,Moderate,180,Yes,241,12/15/2024 21:37,8/15/2023,44754,3,Price-Sensitive Young Fashionistas
C0228,35.0,Female,Christian,Summer,,High,Low,2017,6,Rural,Undergraduate,Traditional,Bright,Solid,Wool,E-Commerce Trends,1,Celebrities,Men's Wear,Poor,Weak,201,No,333,8/14/2024 22:55,8/16/2023,21411,32,Festival-Driven High Spenders
C0229,,Female,,,None,High,,2068,3,Rural,High School,Traditional,Neutral,Solid,Silk,Local Culture,2,Social Media,Women's Wear,Poor,,201,No,358,10/3/2024 2:12,8/17/2023,12911,10,Comfort-First Traditional Buyers
C0230,18.0,Female,Christian,Summer,None,Low,Medium,2174,7,Rural,Graduate,Western Casual,Bright,Printed,Rayon,Social Media,1,,Original Fit,Average,Weak,202,No,357,7/9/2024 3:16,8/18/2023,77270,74,Festival-Driven High Spenders
C0231,28.0,Female,Hindu,Rainy,Christmas,Medium,Medium,1687,3,Rural,Postgraduate,Ethnic Wear,Bright,Checks,Silk,Traditional Media,0,Celebrities,Accessories,Poor,Strong,219,Yes,382,2/1/2025 1:43,8/19/2023,93763,83,Price-Sensitive Young Fashionistas
C0232,45.0,Female,Christian,Summer,,High,Medium,1626,5,Urban,Graduate,Ethnic Wear,Neutral,Solid,Wool,Social Media,2,Local Trends,Women's Wear,,Moderate,182,Yes,320,8/12/2024 7:26,8/20/2023,18680,34,Comfort-First Traditional Buyers
C0233,42.0,Female,Muslim,Rainy,Christmas,High,Low,1403,7,Urban,High School,Festive Wear,Neutral,Floral,Rayon,Social Media,0,Local Trends,Women's Wear,Average,Moderate,211,No,313,7/27/2024 0:37,8/21/2023,94896,97,Price-Sensitive Young Fashionistas
C0234,40.0,Female,Christian,Summer,Eid,High,High,1100,5,Urban,High School,Formal Wear,Dark,Printed,Wool,E-Commerce Trends,2,Celebrities,Original Fit,Excellent,Weak,209,Yes,283,10/15/2024 20:33,8/22/2023,93879,87,Comfort-First Traditional Buyers
C0235,48.0,Female,,Rainy,Christmas,High,Medium,1474,7,Rural,Postgraduate,Indo-Western,Dark,Solid,Cotton,E-Commerce Trends,2,Social Media,Original Fit,Good,Strong,182,Yes,282,1/1/2025 6:52,8/23/2023,81295,55,Comfort-First Traditional Buyers
C0236,47.0,Female,,Rainy,Christmas,Medium,Low,1886,6,Urban,Graduate,Formal Wear,Pastel,Solid,Rayon,Celebrity Trends,2,Local Trends,,Excellent,Strong,194,Yes,343,8/14/2024 14:17,8/24/2023,98614,92,Comfort-First Traditional Buyers
C0237,59.0,Male,Muslim,Summer,Diwali,High,Medium,1632,4,Urban,Undergraduate,Sarees / Salwar Kameez,Bright,Printed,,Social Media,0,Celebrities,Women's Wear,Excellent,Strong,196,No,270,1/20/2025 19:22,8/25/2023,21111,32,Price-Sensitive Young Fashionistas
C0238,52.0,Female,Muslim,Summer,None,Low,Low,2543,3,Rural,Graduate,Hijab/Abaya,Neutral,Printed,Rayon,Local Culture,1,Social Media,Accessories,Poor,Weak,222,No,293,6/10/2024 10:22,8/26/2023,47504,50,Festival-Driven High Spenders
C0239,,Male,Muslim,Rainy,None,High,Low,1043,2,Urban,Undergraduate,Party Wear,Dark,Floral,Wool,E-Commerce Trends,2,Local Trends,Women's Wear,Poor,Strong,200,No,270,9/7/2024 17:00,8/27/2023,11802,7,Comfort-First Traditional Buyers
C0240,33.0,Female,Hindu,Winter,Christmas,Medium,Low,1170,7,Urban,Graduate,Ethnic Wear,Neutral,,Rayon,Traditional Media,0,,Women's Wear,Average,Strong,196,No,324,2/20/2025 18:30,8/28/2023,18155,93,Price-Sensitive Young Fashionistas
C0241,43.0,Female,Christian,Summer,None,High,High,2448,6,Urban,Postgraduate,Western Casual,Dark,Solid,Wool,Traditional Media,0,Local Trends,Women's Wear,Poor,Strong,200,No,260,12/16/2024 0:27,8/29/2023,83656,8,Price-Sensitive Young Fashionistas
C0242,19.0,Female,Christian,Winter,Diwali,Medium,Low,1446,6,Rural,High School,Casual/Formal,Pastel,Solid,Cotton,Traditional Media,0,Celebrities,Original Fit,Excellent,Strong,198,No,265,3/10/2025 23:48,8/30/2023,49384,65,Price-Sensitive Young Fashionistas
C0243,18.0,,Hindu,Summer,Diwali,High,Low,2678,2,Urban,Postgraduate,Western Casual,Pastel,Printed,Rayon,Traditional Media,0,Celebrities,Women's Wear,Excellent,Weak,200,Yes,341,10/17/2024 12:40,8/31/2023,57254,57,Price-Sensitive Young Fashionistas
C0244,29.0,Male,Muslim,Summer,Christmas,Medium,High,3034,2,Rural,High School,Festive Wear,,Solid,Rayon,E-Commerce Trends,1,Local Trends,Women's Wear,Good,Weak,205,No,253,6/10/2024 23:24,9/1/2023,31918,67,Festival-Driven High Spenders
C0245,22.0,Male,Christian,Summer,,Medium,High,3209,2,Rural,High School,Western Casual,Pastel,Solid,Rayon,Local Culture,1,Local Trends,Women's Wear,Excellent,Strong,175,No,282,2/4/2025 23:10,9/2/2023,95981,88,Festival-Driven High Spenders
C0246,54.0,Female,Hindu,Summer,None,Medium,Low,915,5,Rural,High School,Sarees / Salwar Kameez,Neutral,Printed,Rayon,E-Commerce Trends,2,Celebrities,Men's Wear,Average,Strong,181,No,220,7/12/2024 13:45,9/3/2023,70713,87,Comfort-First Traditional Buyers
C0247,49.0,Male,Christian,Winter,Eid,High,High,2515,6,Urban,High School,Party Wear,Dark,Solid,Cotton,Traditional Media,2,Social Media,Original Fit,Average,Moderate,182,No,279,4/3/2025 7:47,9/4/2023,40306,59,Comfort-First Traditional Buyers
C0248,26.0,Male,Hindu,Summer,None,High,Medium,3163,7,Rural,Postgraduate,Festive Wear,Bright,Solid,Rayon,Celebrity Trends,3,Local Trends,,,Moderate,185,No,356,4/6/2025 12:10,9/5/2023,26646,72,Seasonal Trend Followers
C0249,58.0,Male,Muslim,Rainy,Eid,High,Medium,2221,2,Rural,Undergraduate,Party Wear,,Checks,Silk,E-Commerce Trends,2,Celebrities,Original Fit,Poor,Strong,221,Yes,347,4/11/2025 3:59,9/6/2023,56843,54,Comfort-First Traditional Buyers
C0250,52.0,Female,Christian,Rainy,,High,,2575,5,Rural,Undergraduate,Formal Wear,,Floral,Cotton,Social Media,1,Celebrities,Accessories,Poor,Strong,207,No,337,3/23/2025 18:18,9/7/2023,26371,67,Festival-Driven High Spenders
C0251,36.0,Female,Hindu,,Eid,High,High,1636,6,Urban,High School,Ethnic Wear,Bright,Printed,Silk,E-Commerce Trends,2,Social Media,Men's Wear,Average,Moderate,186,No,318,2/19/2025 22:32,9/8/2023,87371,51,Comfort-First Traditional Buyers
C0252,33.0,Male,Christian,Summer,Diwali,High,Low,1692,6,Urban,Undergraduate,Festive Wear,Bright,,Rayon,Traditional Media,0,Social Media,Accessories,Excellent,Moderate,184,No,243,11/3/2024 10:45,9/9/2023,12049,97,Price-Sensitive Young Fashionistas
C0253,20.0,Female,Christian,Rainy,None,High,High,2085,6,Rural,Graduate,Formal Wear,Bright,Floral,Wool,E-Commerce Trends,2,,Women's Wear,Poor,Strong,185,No,336,3/27/2025 8:12,9/10/2023,41616,92,Comfort-First Traditional Buyers
C0254,37.0,Female,Christian,Winter,Eid,High,Low,1906,7,Urban,Undergraduate,Western Casual,Dark,Floral,Silk,Social Media,0,Local Trends,Accessories,Good,Weak,181,No,243,4/22/2025 23:26,9/11/2023,30932,8,Price-Sensitive Young Fashionistas
C0255,41.0,Female,Christian,Summer,None,High,Medium,3286,3,Urban,Postgraduate,Formal Wear,Dark,Floral,Rayon,Celebrity Trends,1,Celebrities,Accessories,Poor,Weak,187,Yes,353,3/5/2025 3:53,9/12/2023,39855,34,Festival-Driven High Spenders
C0256,50.0,Female,Hindu,Rainy,Christmas,Medium,High,1176,5,Urban,High School,Party Wear,Neutral,Checks,,E-Commerce Trends,0,Celebrities,Accessories,Average,Strong,200,No,253,9/21/2024 8:40,9/13/2023,71434,35,Price-Sensitive Young Fashionistas
C0257,41.0,Male,Muslim,Rainy,Christmas,Medium,Low,3340,5,Urban,High School,Sarees / Salwar Kameez,Bright,Checks,Rayon,Traditional Media,1,Celebrities,Accessories,Poor,Strong,205,Yes,293,1/30/2025 12:32,9/14/2023,82694,96,Festival-Driven High Spenders
C0258,28.0,Female,Hindu,Winter,Diwali,Medium,Low,1665,7,Rural,Postgraduate,Traditional,Bright,Floral,Rayon,Local Culture,2,Social Media,Original Fit,Excellent,Moderate,172,No,298,4/27/2025 4:29,9/15/2023,53016,88,Comfort-First Traditional Buyers
C0259,25.0,Female,Hindu,Summer,Christmas,Low,Medium,2928,5,Rural,Postgraduate,Fusion Wear,Bright,Solid,Rayon,Local Culture,1,Celebrities,Men's Wear,Poor,Moderate,214,No,227,11/17/2024 17:18,9/16/2023,17400,78,Festival-Driven High Spenders
C0260,53.0,Female,Hindu,Summer,Eid,High,High,1304,3,Urban,Postgraduate,Hijab/Abaya,Neutral,Solid,Wool,Celebrity Trends,0,Local Trends,Original Fit,,,185,No,359,1/4/2025 21:04,9/17/2023,52642,32,Price-Sensitive Young Fashionistas
C0261,55.0,Female,Muslim,Rainy,Christmas,High,,2374,2,Rural,High School,Fusion Wear,Bright,Checks,,Social Media,1,Social Media,Original Fit,Average,Strong,195,No,323,2/6/2025 21:21,9/18/2023,25151,46,Festival-Driven High Spenders
C0262,57.0,,Christian,Rainy,Diwali,High,Low,2748,2,Rural,Postgraduate,Ethnic Wear,,Checks,Cotton,Celebrity Trends,1,Social Media,Original Fit,Good,,205,No,364,11/23/2024 1:34,9/19/2023,61407,16,Festival-Driven High Spenders
C0263,37.0,Male,,,None,High,Low,2453,3,Rural,High School,Ethnic Wear,Bright,Checks,Cotton,Celebrity Trends,2,Social Media,Accessories,,,198,Yes,263,11/26/2024 15:22,9/20/2023,76690,68,Comfort-First Traditional Buyers
C0264,52.0,Female,Christian,Summer,None,High,High,1114,4,Urban,Undergraduate,Festive Wear,Pastel,Floral,,Traditional Media,0,,Original Fit,Good,,161,No,290,8/2/2024 19:43,9/21/2023,14499,37,Price-Sensitive Young Fashionistas
C0265,42.0,Female,Muslim,Winter,Christmas,High,Low,1821,7,Urban,Undergraduate,Indo-Western,Dark,Solid,Cotton,Celebrity Trends,0,Local Trends,Men's Wear,Excellent,,209,Yes,381,7/29/2024 8:50,9/22/2023,16295,54,Price-Sensitive Young Fashionistas
C0266,52.0,Female,,Winter,Eid,Medium,High,2146,4,Rural,Graduate,Formal Wear,Neutral,Checks,Rayon,E-Commerce Trends,2,Celebrities,Original Fit,Average,Moderate,200,No,299,11/14/2024 15:45,9/23/2023,69040,85,Comfort-First Traditional Buyers
C0267,42.0,Female,Muslim,Summer,Diwali,Medium,Medium,2314,6,Rural,Postgraduate,Party Wear,Bright,Checks,Silk,Traditional Media,0,,Women's Wear,Poor,Moderate,179,Yes,273,3/17/2025 20:11,9/24/2023,22183,14,Price-Sensitive Young Fashionistas
C0268,46.0,Female,Christian,Winter,Eid,Medium,High,2648,2,Rural,High School,Western Casual,Pastel,Printed,Silk,Social Media,1,Celebrities,Accessories,Excellent,Strong,201,Yes,354,5/11/2024 21:06,9/25/2023,39299,95,Festival-Driven High Spenders
C0269,35.0,Female,Christian,Rainy,Diwali,High,High,2918,3,Urban,High School,Formal Wear,Neutral,Floral,Wool,Social Media,3,Local Trends,Women's Wear,Poor,Strong,190,No,201,3/24/2025 3:00,9/26/2023,22874,55,Seasonal Trend Followers
C0270,35.0,Male,,Winter,Christmas,High,Low,1970,6,Urban,High School,Hijab/Abaya,Neutral,,Silk,Traditional Media,3,Social Media,,Poor,Weak,187,Yes,250,2/15/2025 22:14,9/27/2023,42711,48,Seasonal Trend Followers
C0271,19.0,Female,Muslim,Winter,Diwali,High,Low,3193,7,Rural,Postgraduate,Traditional,Dark,Solid,Silk,Traditional Media,1,Social Media,Men's Wear,Poor,Weak,181,No,358,8/18/2024 13:03,9/28/2023,15539,82,Festival-Driven High Spenders
C0272,52.0,Male,Hindu,Winter,,High,High,2317,6,Rural,High School,Traditional,Neutral,Printed,,Traditional Media,3,Local Trends,Men's Wear,Excellent,Moderate,204,No,330,1/18/2025 14:45,9/29/2023,63351,7,Seasonal Trend Followers
C0273,33.0,Female,Hindu,Rainy,Christmas,High,Low,1934,3,Urban,Undergraduate,Formal Wear,Neutral,Printed,Wool,E-Commerce Trends,2,Local Trends,Men's Wear,Excellent,Moderate,213,Yes,274,12/25/2024 19:07,9/30/2023,71267,74,Comfort-First Traditional Buyers
C0274,58.0,Female,Hindu,Summer,Eid,Low,Low,1794,3,Rural,Graduate,Fusion Wear,Neutral,Printed,,Traditional Media,2,Celebrities,Original Fit,Average,Strong,177,No,327,9/17/2024 23:35,10/1/2023,58354,7,Comfort-First Traditional Buyers
C0275,53.0,Male,Muslim,Rainy,Christmas,Medium,,1257,5,Urban,Undergraduate,Festive Wear,Neutral,Floral,Silk,Traditional Media,2,Local Trends,Accessories,Poor,,203,Yes,391,11/28/2024 11:16,10/2/2023,12557,33,Comfort-First Traditional Buyers
C0276,50.0,Male,Muslim,Summer,Diwali,High,High,2087,2,Urban,Graduate,Formal Wear,Bright,Solid,Wool,Traditional Media,0,Local Trends,Men's Wear,Good,,197,Yes,352,10/31/2024 6:49,10/3/2023,48360,23,Price-Sensitive Young Fashionistas
C0277,21.0,Male,Christian,Summer,,Medium,Low,3439,3,Rural,Postgraduate,Indo-Western,Bright,Printed,Wool,Social Media,3,Celebrities,Women's Wear,Average,Moderate,191,No,313,2/6/2025 9:59,10/4/2023,92018,85,Seasonal Trend Followers
C0278,50.0,Female,Hindu,Summer,Diwali,Medium,High,3063,7,Urban,Graduate,Hijab/Abaya,Bright,Floral,Rayon,Traditional Media,3,Celebrities,Men's Wear,,Weak,206,Yes,230,8/22/2024 12:25,10/5/2023,12200,19,Seasonal Trend Followers
C0279,31.0,Male,Christian,Winter,Christmas,High,Low,1884,3,Urban,Graduate,Traditional,Bright,Solid,,Traditional Media,2,Celebrities,Accessories,Good,Strong,204,No,295,2/20/2025 5:20,10/6/2023,78497,19,Comfort-First Traditional Buyers
C0280,38.0,Male,Hindu,Winter,None,Medium,Medium,2870,3,Urban,Undergraduate,Western Casual,Pastel,Checks,Cotton,Traditional Media,1,Local Trends,Women's Wear,Excellent,Strong,179,Yes,218,10/11/2024 5:42,10/7/2023,56975,36,Festival-Driven High Spenders
C0281,37.0,,Muslim,Summer,,Low,Low,3439,4,Rural,Postgraduate,Indo-Western,Bright,,Silk,E-Commerce Trends,3,Celebrities,Women's Wear,Good,,189,Yes,271,2/16/2025 23:54,10/8/2023,31357,29,Seasonal Trend Followers
C0282,25.0,Male,Muslim,Summer,Christmas,High,,2608,7,Urban,Postgraduate,Ethnic Wear,Neutral,Solid,Wool,Celebrity Trends,3,Social Media,Women's Wear,Average,Strong,186,No,231,4/19/2025 18:26,10/9/2023,87505,60,Seasonal Trend Followers
C0283,24.0,,Muslim,Winter,Eid,High,High,878,5,Rural,Graduate,Party Wear,Bright,Printed,Cotton,Social Media,0,,Original Fit,Good,Weak,185,No,328,8/30/2024 16:23,10/10/2023,12869,82,Price-Sensitive Young Fashionistas
C0284,20.0,Female,Hindu,Rainy,Diwali,High,,1763,4,Urban,High School,Casual/Formal,Bright,,Wool,Celebrity Trends,3,Social Media,Men's Wear,,Moderate,176,Yes,265,1/29/2025 2:27,10/11/2023,71135,2,Seasonal Trend Followers
C0285,,Female,Muslim,Summer,None,High,,3204,7,Urban,Postgraduate,Festive Wear,Dark,Solid,Wool,E-Commerce Trends,1,Local Trends,Original Fit,Excellent,Strong,196,No,384,1/26/2025 14:49,10/12/2023,60108,1,Festival-Driven High Spenders
C0286,50.0,Male,Hindu,Rainy,Eid,High,Medium,1292,3,Rural,Undergraduate,Western Casual,Neutral,Floral,Wool,Social Media,0,Social Media,Women's Wear,Good,,180,Yes,269,9/6/2024 15:53,10/13/2023,48467,47,Price-Sensitive Young Fashionistas
C0287,29.0,,Christian,Winter,Diwali,High,Low,1646,6,Urban,High School,Ethnic Wear,Bright,Solid,Wool,Celebrity Trends,0,Local Trends,,Poor,Moderate,215,No,326,9/25/2024 2:10,10/14/2023,33328,69,Price-Sensitive Young Fashionistas
C0288,,Male,Hindu,Summer,None,High,Low,1942,5,Rural,High School,Hijab/Abaya,Bright,Floral,Wool,Traditional Media,2,,,Poor,Moderate,185,No,265,4/1/2025 4:37,10/15/2023,96831,20,Comfort-First Traditional Buyers
C0289,,Male,Christian,Rainy,None,High,Medium,2800,5,Rural,Undergraduate,Festive Wear,Bright,Solid,Cotton,Social Media,1,Social Media,Original Fit,Excellent,Strong,226,No,306,8/14/2024 9:30,10/16/2023,13987,11,Festival-Driven High Spenders
C0290,47.0,Female,Hindu,Rainy,Christmas,Medium,High,2719,7,Urban,Graduate,Casual/Formal,Pastel,Floral,Silk,Local Culture,1,Celebrities,Men's Wear,Good,Weak,203,No,275,9/9/2024 22:09,10/17/2023,68871,2,Festival-Driven High Spenders
C0291,55.0,Female,,Rainy,,Low,Low,1118,5,Urban,High School,Formal Wear,Bright,Checks,,Celebrity Trends,0,Local Trends,Women's Wear,Poor,Moderate,212,No,285,6/5/2024 18:19,10/18/2023,32399,67,Price-Sensitive Young Fashionistas
C0292,55.0,Male,,Winter,Eid,High,High,2660,7,Urban,High School,Western Casual,Dark,Checks,Silk,Celebrity Trends,1,Social Media,Women's Wear,Average,Weak,193,No,211,3/19/2025 9:57,10/19/2023,56214,87,Festival-Driven High Spenders
C0293,25.0,Female,Christian,Winter,,Medium,High,2133,5,Rural,Postgraduate,Casual/Formal,Neutral,Checks,Silk,Social Media,1,Local Trends,,Good,Strong,200,No,382,10/22/2024 3:17,10/20/2023,96416,12,Festival-Driven High Spenders
C0294,44.0,Male,Muslim,Rainy,Eid,Medium,Medium,2520,6,Rural,Graduate,Hijab/Abaya,Neutral,Solid,Cotton,Local Culture,1,Celebrities,,Good,Weak,180,No,244,2/24/2025 22:03,10/21/2023,80271,20,Festival-Driven High Spenders
C0295,44.0,Female,Muslim,Rainy,Diwali,High,Medium,1613,6,Urban,Undergraduate,Indo-Western,Bright,Checks,Rayon,Local Culture,0,Celebrities,Original Fit,Poor,Strong,191,Yes,313,2/10/2025 17:29,10/22/2023,54064,5,Price-Sensitive Young Fashionistas
C0296,,Female,Christian,Winter,Eid,High,High,2810,5,Rural,Postgraduate,Casual/Formal,Bright,Printed,,Local Culture,1,Social Media,,Average,Strong,183,No,269,3/16/2025 7:16,10/23/2023,80091,37,Festival-Driven High Spenders
C0297,38.0,Female,Hindu,Rainy,,Medium,Low,2554,7,Urban,Undergraduate,Hijab/Abaya,Bright,Checks,Cotton,E-Commerce Trends,1,Local Trends,Accessories,Average,Strong,201,No,346,8/12/2024 15:52,10/24/2023,50818,38,Festival-Driven High Spenders
C0298,47.0,Male,Hindu,Rainy,Eid,Low,High,1793,3,Rural,High School,Western Casual,Neutral,Floral,Cotton,Traditional Media,2,Local Trends,Accessories,Average,Strong,193,No,304,3/1/2025 11:06,10/25/2023,55525,94,Comfort-First Traditional Buyers
C0299,50.0,Female,Hindu,Winter,Christmas,High,,2575,4,Rural,Undergraduate,Western Casual,Neutral,Floral,Wool,Social Media,0,Local Trends,Men's Wear,Good,,192,No,309,5/13/2024 16:33,10/26/2023,29830,9,Price-Sensitive Young Fashionistas
C0300,45.0,Male,Hindu,Rainy,,High,Low,982,2,Rural,Undergraduate,Fusion Wear,Pastel,Floral,Wool,Traditional Media,2,Local Trends,Women's Wear,Excellent,Strong,189,No,332,9/9/2024 18:17,10/27/2023,27429,98,Comfort-First Traditional Buyers
C0301,50.0,,Hindu,Rainy,Diwali,Medium,Medium,2459,6,Urban,High School,Casual/Formal,Dark,Solid,Wool,E-Commerce Trends,1,Social Media,Accessories,Good,Strong,211,Yes,302,1/19/2025 10:32,10/28/2023,16893,53,Festival-Driven High Spenders
C0302,22.0,Male,Muslim,Rainy,Diwali,High,Low,2276,2,Rural,Undergraduate,Festive Wear,Pastel,Printed,Silk,E-Commerce Trends,1,Celebrities,Women's Wear,,Weak,199,Yes,316,3/10/2025 6:15,10/29/2023,89909,44,Festival-Driven High Spenders
C0303,36.0,Male,,Winter,Eid,High,Low,3516,6,Urban,Graduate,Ethnic Wear,Dark,Checks,Wool,Celebrity Trends,3,Social Media,Women's Wear,Poor,Moderate,194,No,215,1/25/2025 17:45,10/30/2023,57333,99,Seasonal Trend Followers
C0304,21.0,Female,Muslim,Rainy,Christmas,High,High,2702,2,Urban,Postgraduate,Indo-Western,Pastel,Printed,Rayon,Social Media,1,Local Trends,Women's Wear,Excellent,Weak,181,No,320,9/25/2024 1:25,10/31/2023,13436,86,Festival-Driven High Spenders
C0305,,Female,,Winter,None,Low,Medium,2174,6,Rural,Undergraduate,Formal Wear,,Printed,,Social Media,2,Local Trends,Men's Wear,Average,Weak,228,No,285,5/26/2024 22:57,11/1/2023,84290,24,Comfort-First Traditional Buyers
C0306,34.0,Male,Muslim,Winter,,Medium,Low,3247,3,Urban,Postgraduate,Sarees / Salwar Kameez,Pastel,Floral,Wool,Social Media,3,Celebrities,Men's Wear,Poor,Weak,173,No,350,6/17/2024 18:51,11/2/2023,86213,81,Seasonal Trend Followers
C0307,45.0,Female,Christian,Summer,Eid,High,Low,2185,6,Urban,High School,Sarees / Salwar Kameez,Dark,Floral,,Celebrity Trends,2,Local Trends,Men's Wear,Good,Strong,203,No,249,9/24/2024 20:40,11/3/2023,15895,74,Comfort-First Traditional Buyers
C0308,47.0,Female,Christian,Summer,Eid,Medium,Medium,2722,4,Urban,Graduate,Casual/Formal,Bright,Floral,Rayon,Celebrity Trends,1,Social Media,Men's Wear,Excellent,Strong,182,No,279,10/4/2024 13:51,11/4/2023,29738,30,Festival-Driven High Spenders
C0309,46.0,Female,,Rainy,Christmas,Medium,High,3011,4,Urban,Postgraduate,Indo-Western,Dark,Solid,Wool,E-Commerce Trends,3,Social Media,Accessories,Average,Strong,186,Yes,243,11/14/2024 13:37,11/5/2023,40746,59,Seasonal Trend Followers
C0310,23.0,,Christian,Winter,Christmas,High,Medium,2467,6,Rural,Graduate,Hijab/Abaya,Bright,Printed,,Social Media,0,Celebrities,Original Fit,Average,Moderate,184,Yes,298,4/18/2025 9:58,11/6/2023,59377,87,Price-Sensitive Young Fashionistas
C0311,52.0,Female,Hindu,Summer,Christmas,High,Medium,1668,4,Rural,Graduate,Fusion Wear,Neutral,Printed,,Traditional Media,0,Social Media,Original Fit,Good,Strong,207,No,334,5/7/2024 9:32,11/7/2023,58404,96,Price-Sensitive Young Fashionistas
C0312,58.0,Female,Hindu,,Diwali,High,Low,2490,2,Rural,Undergraduate,Party Wear,Dark,Solid,Rayon,Local Culture,2,Social Media,Original Fit,Average,Moderate,194,No,283,12/7/2024 16:08,11/8/2023,64045,81,Comfort-First Traditional Buyers
C0313,54.0,Female,Muslim,Summer,Diwali,Medium,Low,1257,5,Urban,High School,Hijab/Abaya,Pastel,Solid,Wool,Celebrity Trends,0,Social Media,Accessories,Average,Strong,196,Yes,349,2/18/2025 21:47,11/9/2023,49790,81,Price-Sensitive Young Fashionistas
C0314,41.0,,Hindu,Summer,Eid,Low,High,1811,6,Rural,Graduate,Casual/Formal,,Solid,Cotton,E-Commerce Trends,2,Social Media,Original Fit,Excellent,Weak,197,No,379,4/9/2025 18:28,11/10/2023,15600,14,Comfort-First Traditional Buyers
C0315,46.0,Male,Muslim,Winter,Diwali,Medium,Low,2520,4,Rural,Undergraduate,Festive Wear,Bright,Printed,Wool,Celebrity Trends,0,Local Trends,Accessories,Poor,Strong,198,No,316,9/21/2024 5:50,11/11/2023,50764,9,Price-Sensitive Young Fashionistas
C0316,48.0,Female,Muslim,Winter,Christmas,High,Low,1996,5,Urban,Postgraduate,Ethnic Wear,Neutral,Printed,,Social Media,0,Social Media,Accessories,Excellent,Moderate,211,No,306,10/12/2024 23:27,11/12/2023,84543,40,Price-Sensitive Young Fashionistas
C0317,52.0,Male,Hindu,Summer,Christmas,Medium,Medium,3319,6,Rural,Undergraduate,Indo-Western,Pastel,Floral,Wool,E-Commerce Trends,3,Celebrities,Accessories,Poor,Moderate,188,No,268,11/14/2024 2:21,11/13/2023,55714,66,Seasonal Trend Followers
C0318,50.0,Female,Christian,,Diwali,Medium,Low,1515,6,Rural,Undergraduate,Party Wear,Dark,Floral,Rayon,Traditional Media,2,Celebrities,Original Fit,Poor,Strong,195,No,204,10/6/2024 0:44,11/14/2023,66835,25,Comfort-First Traditional Buyers
C0319,38.0,Male,Hindu,Winter,None,Medium,High,1487,5,Rural,Postgraduate,Western Casual,Bright,Printed,Cotton,Social Media,2,Social Media,Women's Wear,Poor,Weak,222,Yes,295,8/1/2024 23:00,11/15/2023,83744,73,Comfort-First Traditional Buyers
C0320,49.0,Male,Hindu,Rainy,Eid,Medium,Medium,2429,5,Urban,High School,Fusion Wear,Pastel,Floral,Silk,Celebrity Trends,1,Celebrities,Original Fit,Average,Strong,205,No,314,11/11/2024 10:19,11/16/2023,66491,22,Festival-Driven High Spenders
C0321,,Male,Muslim,Winter,None,High,High,1332,4,Urban,High School,Hijab/Abaya,Neutral,Solid,Cotton,Celebrity Trends,2,Social Media,Original Fit,,Strong,182,No,338,5/27/2024 13:25,11/17/2023,28589,4,Comfort-First Traditional Buyers
C0322,50.0,Male,Muslim,Summer,Eid,High,Medium,1644,4,Rural,Graduate,Ethnic Wear,Pastel,Checks,Cotton,Traditional Media,2,Celebrities,,Average,Strong,205,Yes,366,11/26/2024 5:35,11/18/2023,53484,26,Comfort-First Traditional Buyers
C0323,20.0,Female,Muslim,Rainy,None,Medium,Low,2998,5,Urban,High School,Hijab/Abaya,Neutral,Floral,Silk,Traditional Media,1,Celebrities,Accessories,Good,Weak,221,No,319,10/16/2024 9:23,11/19/2023,92989,58,Festival-Driven High Spenders
C0324,35.0,Female,Muslim,Summer,,High,Medium,3661,4,Rural,Graduate,Sarees / Salwar Kameez,Pastel,Printed,Wool,E-Commerce Trends,1,Social Media,Women's Wear,Excellent,Moderate,183,No,259,8/17/2024 3:41,11/20/2023,46212,29,Festival-Driven High Spenders
C0325,42.0,Female,Christian,Rainy,Eid,Medium,,3234,4,Urban,Graduate,Formal Wear,Dark,Floral,Silk,Social Media,1,Social Media,Men's Wear,Poor,Weak,189,No,266,12/13/2024 1:22,11/21/2023,53525,98,Festival-Driven High Spenders
C0326,59.0,Female,Christian,Summer,Eid,High,Low,2324,4,Rural,High School,Fusion Wear,Bright,,Wool,Celebrity Trends,3,Local Trends,Women's Wear,Average,Moderate,211,No,308,9/20/2024 12:03,11/22/2023,57202,87,Seasonal Trend Followers
C0327,48.0,Male,Christian,Rainy,,Medium,Low,2787,5,Urban,Undergraduate,Festive Wear,Dark,Floral,,Traditional Media,2,Social Media,Women's Wear,Average,Moderate,193,Yes,278,3/2/2025 3:27,11/23/2023,42635,37,Comfort-First Traditional Buyers
C0328,,Female,Muslim,,Christmas,Medium,High,3309,4,Rural,Undergraduate,Sarees / Salwar Kameez,Dark,Checks,Rayon,Social Media,1,Social Media,Accessories,Excellent,Moderate,180,No,234,7/29/2024 16:36,11/24/2023,73208,75,Festival-Driven High Spenders
C0329,57.0,,Muslim,Summer,Christmas,High,High,1410,7,Rural,High School,Hijab/Abaya,,Solid,Rayon,Local Culture,0,Local Trends,Original Fit,Excellent,,181,No,317,11/26/2024 21:31,11/25/2023,43828,70,Price-Sensitive Young Fashionistas
C0330,41.0,Female,Muslim,Rainy,None,High,,2133,5,Urban,Postgraduate,Formal Wear,Neutral,Printed,Silk,Traditional Media,0,Social Media,Accessories,Poor,Strong,213,No,364,7/4/2024 7:00,11/26/2023,28711,18,Price-Sensitive Young Fashionistas
C0331,49.0,Male,Christian,Winter,Diwali,Medium,Low,3061,6,Urban,Graduate,Hijab/Abaya,Neutral,Checks,Cotton,Traditional Media,3,Social Media,Accessories,Poor,Strong,188,Yes,261,10/6/2024 4:53,11/27/2023,13420,85,Seasonal Trend Followers
C0332,39.0,Female,Muslim,Summer,Christmas,High,,3014,2,Urban,Postgraduate,Formal Wear,Dark,Printed,Silk,Traditional Media,1,Local Trends,Men's Wear,,Strong,209,No,337,5/24/2024 23:29,11/28/2023,10301,42,Festival-Driven High Spenders
C0333,40.0,Female,Hindu,Winter,Eid,High,Medium,1638,2,Urban,Postgraduate,Casual/Formal,Pastel,Printed,Wool,E-Commerce Trends,2,Social Media,Accessories,Poor,Strong,208,No,369,11/24/2024 12:56,11/29/2023,55236,100,Comfort-First Traditional Buyers
C0334,19.0,Female,Hindu,Summer,Christmas,Medium,Medium,2287,2,Urban,Graduate,Sarees / Salwar Kameez,Pastel,Printed,Rayon,E-Commerce Trends,3,Social Media,Original Fit,,Strong,189,Yes,365,10/6/2024 21:51,11/30/2023,76235,41,Seasonal Trend Followers
C0335,44.0,,Muslim,Rainy,Diwali,High,Medium,3421,5,Urban,Undergraduate,Western Casual,Dark,Checks,Silk,Local Culture,1,Local Trends,Women's Wear,,Weak,203,Yes,337,1/1/2025 8:50,12/1/2023,64240,38,Festival-Driven High Spenders
C0336,59.0,,Hindu,Rainy,Christmas,Medium,Low,2097,5,Rural,Postgraduate,Festive Wear,Dark,,Silk,Traditional Media,0,Local Trends,Accessories,Good,Weak,198,No,222,6/20/2024 20:12,12/2/2023,75726,34,Price-Sensitive Young Fashionistas
C0337,19.0,Female,Hindu,Rainy,Eid,Low,High,1445,6,Rural,High School,Formal Wear,Bright,Printed,Rayon,Celebrity Trends,2,Celebrities,Women's Wear,Good,Weak,183,No,248,4/1/2025 15:09,12/3/2023,20492,17,Comfort-First Traditional Buyers
C0338,43.0,Female,Christian,Summer,None,Medium,Low,1844,2,Rural,Undergraduate,Traditional,Neutral,Solid,Rayon,Local Culture,2,,Accessories,Excellent,Weak,200,No,332,10/31/2024 10:00,12/4/2023,16102,37,Comfort-First Traditional Buyers
C0339,34.0,Male,Muslim,Winter,Eid,High,Medium,1402,7,Urban,High School,Sarees / Salwar Kameez,Neutral,Solid,Rayon,E-Commerce Trends,0,Celebrities,Women's Wear,Poor,Weak,227,No,378,1/18/2025 10:58,12/5/2023,60336,25,Price-Sensitive Young Fashionistas
C0340,57.0,,Muslim,Winter,Diwali,Low,Medium,1979,7,Rural,Graduate,Traditional,Dark,Floral,Wool,Celebrity Trends,0,Celebrities,Accessories,Good,Weak,208,No,273,5/1/2025 10:40,12/6/2023,95314,76,Price-Sensitive Young Fashionistas
C0341,50.0,Female,Christian,Summer,None,Medium,Low,1915,6,Rural,Undergraduate,Western Casual,Dark,Checks,Rayon,Celebrity Trends,3,Local Trends,Men's Wear,Excellent,Weak,209,No,315,11/20/2024 8:07,12/7/2023,36641,87,Seasonal Trend Followers
C0342,26.0,Female,Hindu,Summer,Christmas,Medium,Low,1804,2,Rural,Graduate,Casual/Formal,Pastel,Checks,Cotton,Traditional Media,0,Social Media,Women's Wear,Excellent,Strong,203,Yes,362,11/3/2024 1:55,12/8/2023,44584,86,Price-Sensitive Young Fashionistas
C0343,56.0,Male,Hindu,Winter,Christmas,Low,Medium,2882,4,Rural,Undergraduate,Hijab/Abaya,Dark,Floral,Silk,Celebrity Trends,3,Social Media,Accessories,Good,Moderate,197,No,372,6/5/2024 20:08,12/9/2023,42745,85,Seasonal Trend Followers
C0344,46.0,Male,Muslim,Winter,,High,Medium,2847,2,Rural,Postgraduate,Fusion Wear,,Floral,Rayon,Local Culture,1,Local Trends,Accessories,,Weak,227,Yes,247,6/16/2024 22:51,12/10/2023,33093,27,Festival-Driven High Spenders
C0345,59.0,Female,Hindu,,,Low,Medium,1784,3,Rural,Graduate,Casual/Formal,Dark,Solid,Rayon,Social Media,2,Celebrities,Men's Wear,Average,Moderate,198,No,288,9/19/2024 18:37,12/11/2023,76105,57,Comfort-First Traditional Buyers
C0346,43.0,,,Winter,Eid,Medium,Low,1769,2,Urban,High School,Casual/Formal,Bright,Printed,Wool,Social Media,2,Local Trends,Men's Wear,Good,Weak,181,Yes,301,6/27/2024 4:59,12/12/2023,61885,31,Comfort-First Traditional Buyers
C0347,52.0,Female,Christian,Summer,None,High,Medium,2313,3,Urban,High School,Western Casual,Bright,Checks,Wool,Celebrity Trends,0,Social Media,Men's Wear,Average,Weak,218,Yes,367,6/27/2024 12:01,12/13/2023,46631,6,Price-Sensitive Young Fashionistas
C0348,42.0,Male,Muslim,Summer,None,Low,Medium,2908,5,Urban,Postgraduate,Party Wear,Pastel,Printed,Silk,E-Commerce Trends,1,Local Trends,Women's Wear,,Strong,204,No,232,11/11/2024 2:38,12/14/2023,82991,91,Festival-Driven High Spenders
C0349,41.0,Male,Christian,Rainy,Diwali,High,,4048,5,Urban,High School,Festive Wear,Neutral,Printed,,Social Media,1,,Women's Wear,Good,Moderate,170,Yes,242,11/17/2024 18:49,12/15/2023,14014,40,Festival-Driven High Spenders
C0350,30.0,Female,Christian,Winter,None,High,Low,2170,2,Rural,Postgraduate,Fusion Wear,Bright,Floral,Silk,Social Media,2,,Men's Wear,Poor,Strong,214,No,225,3/14/2025 10:48,12/16/2023,21093,98,Comfort-First Traditional Buyers
C0351,,Female,Muslim,Rainy,Christmas,High,High,3078,2,Rural,High School,Western Casual,Pastel,Printed,Rayon,Local Culture,1,Social Media,Original Fit,Good,Strong,193,Yes,290,7/14/2024 14:26,12/17/2023,28070,12,Festival-Driven High Spenders
C0352,53.0,Male,Christian,Summer,Eid,Medium,High,3438,5,Rural,High School,Ethnic Wear,Dark,Solid,Cotton,Traditional Media,1,Celebrities,Original Fit,Good,Moderate,201,No,315,9/18/2024 22:19,12/18/2023,45777,53,Festival-Driven High Spenders
C0353,37.0,Male,Christian,Summer,Eid,High,,2204,6,Urban,Graduate,Party Wear,Dark,Floral,Cotton,Celebrity Trends,3,Celebrities,Accessories,Average,,194,No,244,9/16/2024 8:47,12/19/2023,66958,71,Seasonal Trend Followers
C0354,18.0,Male,Christian,,Eid,Medium,Low,2610,3,Urban,Undergraduate,Sarees / Salwar Kameez,Pastel,Printed,Cotton,Celebrity Trends,3,Social Media,Original Fit,Average,Weak,210,Yes,226,4/19/2025 9:03,12/20/2023,92074,10,Seasonal Trend Followers
C0355,,Female,Hindu,Winter,Christmas,Low,Medium,3283,4,Urban,High School,Formal Wear,Neutral,Floral,Cotton,E-Commerce Trends,3,,Accessories,Poor,Weak,188,Yes,310,2/10/2025 13:54,12/21/2023,20729,45,Seasonal Trend Followers
C0356,33.0,Male,Muslim,Winter,Christmas,Medium,Low,3055,3,Rural,Undergraduate,Western Casual,Pastel,Solid,Silk,E-Commerce Trends,1,Celebrities,Women's Wear,Good,Weak,182,No,223,4/20/2025 6:34,12/22/2023,55017,17,Festival-Driven High Spenders
C0357,31.0,Female,Muslim,Winter,,Low,High,1728,2,Urban,Undergraduate,Hijab/Abaya,Pastel,Solid,Wool,Celebrity Trends,0,Local Trends,Women's Wear,Good,Weak,200,No,376,3/28/2025 4:10,12/23/2023,76320,26,Price-Sensitive Young Fashionistas
C0358,29.0,Female,Muslim,Winter,Christmas,Low,Low,2066,6,Rural,Undergraduate,Party Wear,Bright,Printed,,E-Commerce Trends,0,Social Media,Original Fit,Average,Weak,223,No,268,4/3/2025 23:56,12/24/2023,37751,85,Price-Sensitive Young Fashionistas
C0359,40.0,,Hindu,Rainy,Christmas,Medium,Medium,3023,5,Urban,Graduate,Casual/Formal,Pastel,Floral,Rayon,Celebrity Trends,3,Celebrities,Women's Wear,Excellent,Strong,203,No,317,6/28/2024 3:17,12/25/2023,88069,92,Seasonal Trend Followers
C0360,32.0,Female,Hindu,Rainy,None,High,Medium,2424,3,Rural,Postgraduate,Festive Wear,Pastel,Printed,Wool,Celebrity Trends,1,Celebrities,Men's Wear,Excellent,Strong,183,No,220,5/15/2024 16:28,12/26/2023,64748,62,Festival-Driven High Spenders
C0361,45.0,Female,Muslim,Summer,Christmas,High,Medium,1373,7,Urban,Graduate,Hijab/Abaya,Dark,Printed,Wool,E-Commerce Trends,0,Local Trends,Men's Wear,Excellent,Weak,200,Yes,300,1/29/2025 14:23,12/27/2023,15801,46,Price-Sensitive Young Fashionistas
C0362,,Male,Hindu,Winter,Christmas,Medium,Low,1556,4,Rural,Postgraduate,Hijab/Abaya,Bright,Floral,Wool,Celebrity Trends,0,Social Media,,Average,Weak,173,No,303,8/11/2024 19:42,12/28/2023,29190,64,Price-Sensitive Young Fashionistas
C0363,19.0,Female,Muslim,Winter,Christmas,Medium,High,1969,7,Rural,Undergraduate,Western Casual,Dark,Printed,,Social Media,2,Celebrities,Original Fit,Average,Strong,187,No,274,6/9/2024 13:35,12/29/2023,59689,2,Comfort-First Traditional Buyers
C0364,49.0,Female,,Winter,Christmas,Low,High,1521,2,Urban,Undergraduate,Indo-Western,,Solid,,E-Commerce Trends,0,,Accessories,Excellent,Moderate,187,No,206,3/25/2025 15:19,12/30/2023,60993,54,Price-Sensitive Young Fashionistas
C0365,40.0,Female,Christian,Rainy,Eid,Medium,Low,2182,7,Urban,Graduate,Party Wear,Neutral,Floral,,Traditional Media,2,Celebrities,Women's Wear,Excellent,Strong,203,No,323,11/12/2024 10:38,12/31/2023,39592,65,Comfort-First Traditional Buyers
C0366,39.0,Female,Christian,Winter,Christmas,Low,Medium,1287,5,Urban,Graduate,Indo-Western,Neutral,Floral,Cotton,Social Media,2,Social Media,Accessories,Good,Strong,212,No,370,9/8/2024 18:04,1/1/2024,20647,51,Comfort-First Traditional Buyers
C0367,42.0,Female,Muslim,Rainy,None,High,High,2574,2,Rural,Undergraduate,Western Casual,Bright,Floral,Wool,Local Culture,3,Local Trends,Accessories,,Strong,201,No,362,1/21/2025 16:09,1/2/2024,18716,53,Seasonal Trend Followers
C0368,39.0,Female,Hindu,Winter,None,High,Medium,1891,7,Rural,Graduate,Sarees / Salwar Kameez,Bright,Floral,Silk,Celebrity Trends,0,Celebrities,Men's Wear,,Strong,196,No,258,1/1/2025 8:08,1/3/2024,98891,36,Price-Sensitive Young Fashionistas
C0369,,Female,Hindu,Winter,None,Medium,Low,3154,3,Urban,High School,Indo-Western,Neutral,Printed,Wool,E-Commerce Trends,1,,Men's Wear,Excellent,,183,No,292,8/11/2024 0:55,1/4/2024,97545,26,Festival-Driven High Spenders
C0370,59.0,Female,Christian,Summer,Diwali,Medium,,3089,6,Urban,Graduate,Western Casual,Neutral,Printed,Wool,Traditional Media,1,Social Media,Men's Wear,Excellent,Moderate,195,No,338,7/31/2024 18:57,1/5/2024,99912,29,Festival-Driven High Spenders
C0371,23.0,Female,Christian,Winter,Eid,Low,High,1927,4,Rural,High School,Traditional,Neutral,Solid,Cotton,Local Culture,0,Local Trends,Men's Wear,Poor,Weak,206,Yes,380,5/23/2024 13:34,1/6/2024,80316,21,Price-Sensitive Young Fashionistas
C0372,32.0,,Hindu,Winter,Christmas,Medium,High,3411,7,Urban,Postgraduate,Formal Wear,Neutral,Checks,Cotton,Local Culture,3,,Accessories,Average,Weak,209,Yes,349,3/25/2025 2:40,1/7/2024,12368,11,Seasonal Trend Followers
C0373,54.0,Male,Hindu,Summer,Diwali,High,Medium,2749,4,Rural,Graduate,Party Wear,,Checks,Cotton,Social Media,1,Celebrities,,,Moderate,188,No,279,9/10/2024 23:43,1/8/2024,87575,40,Festival-Driven High Spenders
C0374,50.0,Male,Hindu,Rainy,Christmas,Medium,Low,1615,7,Rural,High School,Hijab/Abaya,Dark,Solid,Wool,Social Media,0,Social Media,Women's Wear,Good,Weak,213,No,363,2/6/2025 23:14,1/9/2024,16655,11,Price-Sensitive Young Fashionistas
C0375,25.0,Male,Hindu,Rainy,Diwali,Medium,Medium,2423,2,Urban,Undergraduate,Festive Wear,Bright,Checks,Wool,Celebrity Trends,3,Celebrities,Men's Wear,Poor,Weak,206,Yes,285,6/9/2024 23:12,1/10/2024,80031,36,Seasonal Trend Followers
C0376,22.0,Male,Hindu,,Diwali,High,Low,2049,6,Rural,Graduate,Ethnic Wear,Dark,Solid,Wool,E-Commerce Trends,2,Celebrities,Men's Wear,Excellent,Weak,178,Yes,247,7/7/2024 23:32,1/11/2024,86429,59,Comfort-First Traditional Buyers
C0377,,Male,,,None,High,Medium,1652,7,Urban,Undergraduate,Formal Wear,Dark,,Cotton,E-Commerce Trends,2,Social Media,Men's Wear,Average,Moderate,209,Yes,377,4/22/2025 11:31,1/12/2024,97922,39,Comfort-First Traditional Buyers
C0378,21.0,Female,Muslim,Winter,None,Low,High,2422,2,Urban,Postgraduate,Festive Wear,Pastel,Floral,Rayon,E-Commerce Trends,1,Celebrities,Original Fit,Average,Moderate,215,Yes,348,5/1/2025 18:25,1/13/2024,65766,99,Festival-Driven High Spenders
C0379,23.0,Male,Hindu,,Diwali,Low,Low,1396,4,Urban,Postgraduate,Fusion Wear,Dark,Floral,Silk,Celebrity Trends,2,Local Trends,Women's Wear,Poor,Weak,207,No,209,4/6/2025 21:27,1/14/2024,23403,54,Comfort-First Traditional Buyers
C0380,49.0,Female,Christian,Summer,None,High,Low,3086,5,Urban,Undergraduate,Fusion Wear,Neutral,Printed,Rayon,Social Media,1,Celebrities,Women's Wear,Poor,Weak,191,No,248,12/26/2024 23:06,1/15/2024,42097,98,Festival-Driven High Spenders
C0381,47.0,Male,Muslim,Winter,Diwali,High,Low,2356,7,Urban,Graduate,Formal Wear,Neutral,Floral,Wool,Celebrity Trends,0,Social Media,Accessories,Good,Weak,187,No,286,6/25/2024 12:08,1/16/2024,88657,55,Price-Sensitive Young Fashionistas
C0382,52.0,Female,Hindu,Summer,,Medium,High,2096,4,Rural,Graduate,Western Casual,Pastel,Floral,Wool,Social Media,2,Local Trends,Accessories,Good,Strong,185,No,298,12/13/2024 1:38,1/17/2024,20966,24,Comfort-First Traditional Buyers
C0383,57.0,Female,Christian,Summer,None,High,,674,2,Rural,Graduate,Indo-Western,Pastel,Checks,Rayon,Social Media,0,Local Trends,Men's Wear,Excellent,Strong,197,Yes,222,8/9/2024 19:12,1/18/2024,62921,22,Price-Sensitive Young Fashionistas
C0384,,Female,Muslim,Winter,None,Medium,High,2479,2,Urban,Postgraduate,Sarees / Salwar Kameez,Pastel,Printed,Wool,Traditional Media,2,Celebrities,Original Fit,Excellent,Strong,215,Yes,262,11/24/2024 9:02,1/19/2024,59726,69,Comfort-First Traditional Buyers
C0385,30.0,Female,Christian,Winter,None,High,Low,2287,5,Urban,High School,Sarees / Salwar Kameez,Pastel,,Silk,Traditional Media,0,Celebrities,Accessories,,Moderate,190,No,215,8/15/2024 22:10,1/20/2024,60300,56,Price-Sensitive Young Fashionistas
C0386,59.0,,Hindu,Summer,Eid,High,Medium,3348,6,Urban,Undergraduate,Fusion Wear,Pastel,Checks,Wool,Traditional Media,3,Social Media,Accessories,Poor,Weak,204,No,378,3/24/2025 4:13,1/21/2024,32677,33,Seasonal Trend Followers
C0387,47.0,Female,Hindu,Rainy,Diwali,Medium,High,1104,3,Rural,Undergraduate,Hijab/Abaya,Dark,Floral,Silk,Social Media,2,Local Trends,Men's Wear,Poor,Moderate,205,No,353,2/2/2025 18:23,1/22/2024,65609,36,Comfort-First Traditional Buyers
C0388,36.0,Male,Hindu,Rainy,Christmas,Medium,Low,2011,7,Urban,High School,Western Casual,Pastel,Floral,Rayon,Local Culture,0,Social Media,Men's Wear,Average,Moderate,202,Yes,311,4/26/2025 3:53,1/23/2024,66661,20,Price-Sensitive Young Fashionistas
C0389,,Female,Hindu,Winter,None,High,Low,1564,2,Urban,Undergraduate,Sarees / Salwar Kameez,Dark,,Rayon,E-Commerce Trends,2,Celebrities,,Excellent,Moderate,212,No,251,1/22/2025 18:54,1/24/2024,41024,83,Comfort-First Traditional Buyers
C0390,36.0,Male,Muslim,Winter,Diwali,Low,High,1651,5,Rural,Postgraduate,Traditional,Bright,Floral,Wool,Celebrity Trends,2,Local Trends,Accessories,Poor,Weak,218,No,311,9/16/2024 20:28,1/25/2024,80313,99,Comfort-First Traditional Buyers
C0391,45.0,Female,Muslim,Rainy,Eid,High,High,3523,4,Urban,High School,Formal Wear,Pastel,Floral,Silk,Celebrity Trends,3,Social Media,Women's Wear,Average,Strong,221,No,362,1/14/2025 16:00,1/26/2024,63006,81,Seasonal Trend Followers
C0392,43.0,Female,Christian,Summer,Christmas,High,High,1646,3,Rural,High School,Ethnic Wear,Pastel,Printed,Wool,Traditional Media,2,Social Media,Original Fit,Excellent,Weak,197,No,261,10/11/2024 1:09,1/27/2024,25338,62,Comfort-First Traditional Buyers
C0393,54.0,Male,Hindu,Rainy,None,Medium,Low,3024,3,Rural,Postgraduate,Formal Wear,Dark,Floral,Cotton,Local Culture,1,Social Media,Women's Wear,Good,Weak,190,No,307,5/15/2024 11:13,1/28/2024,78027,98,Festival-Driven High Spenders
C0394,43.0,Male,Christian,Rainy,Eid,Low,High,2988,4,Urban,Graduate,Hijab/Abaya,,Checks,Cotton,Traditional Media,3,Social Media,Accessories,Good,Moderate,205,No,359,7/15/2024 7:59,1/29/2024,90135,73,Seasonal Trend Followers
C0395,40.0,Male,Muslim,Rainy,Eid,Medium,Low,1865,6,Urban,Undergraduate,Formal Wear,Dark,Printed,Cotton,Social Media,2,Social Media,Women's Wear,Poor,Moderate,182,Yes,290,10/3/2024 12:43,1/30/2024,29508,26,Comfort-First Traditional Buyers
C0396,26.0,Male,Hindu,Rainy,,Medium,High,1605,3,Rural,Undergraduate,Hijab/Abaya,Dark,Floral,Cotton,E-Commerce Trends,2,Local Trends,Women's Wear,Average,,185,Yes,284,2/5/2025 9:57,1/31/2024,13051,66,Comfort-First Traditional Buyers
C0397,,Female,Hindu,,Diwali,Low,,981,3,Rural,Graduate,Fusion Wear,Pastel,Solid,Wool,E-Commerce Trends,0,Social Media,Accessories,Good,Strong,180,Yes,239,8/25/2024 8:42,2/1/2024,58747,73,Price-Sensitive Young Fashionistas
C0398,18.0,Male,Muslim,Winter,None,Medium,,1655,3,Urban,High School,Festive Wear,,Printed,Cotton,Local Culture,0,Local Trends,Men's Wear,Average,,190,No,281,9/26/2024 7:05,2/2/2024,97142,73,Price-Sensitive Young Fashionistas
C0399,18.0,Male,Muslim,,None,High,Medium,1600,7,Rural,Undergraduate,Traditional,Neutral,Printed,Silk,Social Media,2,Social Media,Accessories,Average,Strong,206,No,290,5/13/2024 20:01,2/3/2024,97235,40,Comfort-First Traditional Buyers
C0400,51.0,Male,Muslim,Summer,Diwali,Low,High,2641,4,Urban,Graduate,Traditional,Dark,Solid,Rayon,Social Media,2,Celebrities,Men's Wear,Good,Weak,187,No,350,8/15/2024 21:44,2/4/2024,64021,17,Comfort-First Traditional Buyers
C0401,49.0,Female,,Summer,Diwali,High,High,1464,5,Urban,Undergraduate,Casual/Formal,Pastel,Floral,Rayon,Traditional Media,0,Celebrities,Accessories,Average,Moderate,182,Yes,292,11/19/2024 17:25,2/5/2024,76412,1,Price-Sensitive Young Fashionistas
C0402,42.0,Male,Muslim,,Diwali,Medium,Low,1975,2,Rural,Graduate,Indo-Western,Bright,,Cotton,Celebrity Trends,2,Social Media,Accessories,Good,Weak,219,No,331,6/13/2024 16:31,2/6/2024,68335,89,Comfort-First Traditional Buyers
C0403,57.0,Male,Hindu,Rainy,Christmas,High,Low,3322,5,Rural,Graduate,Casual/Formal,Neutral,Printed,Cotton,E-Commerce Trends,1,Celebrities,Accessories,Poor,Strong,204,No,287,12/16/2024 11:40,2/7/2024,66179,61,Festival-Driven High Spenders
C0404,18.0,Male,Muslim,Winter,Christmas,Medium,Low,2523,5,Rural,High School,Hijab/Abaya,Bright,Printed,Cotton,Social Media,1,Local Trends,Original Fit,Excellent,Moderate,185,No,325,7/11/2024 14:03,2/8/2024,42093,43,Festival-Driven High Spenders
C0405,,,,Winter,None,High,Medium,2440,2,Rural,High School,Party Wear,Neutral,Floral,Wool,Traditional Media,0,Social Media,Men's Wear,Excellent,Strong,197,No,345,2/19/2025 22:59,2/9/2024,79678,42,Price-Sensitive Young Fashionistas
C0406,56.0,Female,Hindu,Summer,Christmas,Medium,Medium,1629,7,Urban,Graduate,Fusion Wear,Pastel,Floral,Rayon,Social Media,0,Local Trends,Original Fit,Poor,Moderate,201,No,338,5/18/2024 13:50,2/10/2024,90738,25,Price-Sensitive Young Fashionistas
C0407,22.0,Male,,Summer,Eid,High,Low,2981,5,Rural,Undergraduate,Casual/Formal,Dark,Checks,Cotton,Traditional Media,1,Social Media,Accessories,Good,Moderate,184,No,277,8/22/2024 10:26,2/11/2024,49734,39,Festival-Driven High Spenders
C0408,39.0,Male,Muslim,Rainy,None,High,High,3108,7,Urban,Undergraduate,Sarees / Salwar Kameez,Bright,Printed,Silk,Celebrity Trends,3,Celebrities,Women's Wear,Good,,176,Yes,352,11/5/2024 22:53,2/12/2024,82615,35,Seasonal Trend Followers
C0409,46.0,Female,Hindu,Rainy,,High,High,2860,6,Rural,Graduate,Traditional,Bright,Printed,Cotton,Celebrity Trends,3,Local Trends,Original Fit,Good,Weak,189,No,331,9/24/2024 14:57,2/13/2024,83523,3,Seasonal Trend Followers
C0410,,Female,Muslim,Summer,Diwali,Medium,,1620,7,Rural,Postgraduate,Casual/Formal,,Solid,Rayon,Traditional Media,2,Celebrities,,Good,Strong,191,Yes,261,9/15/2024 8:07,2/14/2024,27019,44,Comfort-First Traditional Buyers
C0411,29.0,Male,Muslim,Winter,Eid,Medium,,3064,3,Rural,High School,Fusion Wear,Bright,Checks,Cotton,Traditional Media,1,Celebrities,Accessories,Poor,Weak,209,Yes,320,7/16/2024 12:17,2/15/2024,93613,51,Festival-Driven High Spenders
C0412,43.0,Female,Muslim,Winter,Diwali,High,Low,1987,5,Rural,High School,Western Casual,Neutral,Floral,Rayon,Local Culture,2,Social Media,Original Fit,Excellent,Weak,203,Yes,313,5/2/2025 16:51,2/16/2024,96672,94,Comfort-First Traditional Buyers
C0413,33.0,Female,,Winter,None,Medium,High,2896,6,Rural,Graduate,Sarees / Salwar Kameez,Dark,Checks,Cotton,E-Commerce Trends,2,Local Trends,Women's Wear,Average,Weak,207,No,328,4/8/2025 21:31,2/17/2024,83847,98,Comfort-First Traditional Buyers
C0414,54.0,Male,Hindu,Summer,Diwali,Medium,Low,2090,3,Urban,High School,Hijab/Abaya,Neutral,Floral,Silk,Local Culture,2,Celebrities,Original Fit,Average,Moderate,210,No,247,3/24/2025 22:25,2/18/2024,92750,12,Comfort-First Traditional Buyers
C0415,39.0,Female,Christian,Winter,Christmas,Low,Medium,2646,6,Rural,Undergraduate,Ethnic Wear,Neutral,Floral,Cotton,Local Culture,1,Social Media,,Excellent,Weak,204,No,247,1/15/2025 12:34,2/19/2024,89634,19,Festival-Driven High Spenders
C0416,46.0,,Muslim,Rainy,Christmas,High,High,2035,2,Rural,Postgraduate,Party Wear,Pastel,Checks,Silk,Traditional Media,2,Social Media,Original Fit,Poor,Strong,200,Yes,354,1/30/2025 16:10,2/20/2024,38251,44,Comfort-First Traditional Buyers
C0417,31.0,Female,Christian,Rainy,None,Low,High,3059,4,Urban,High School,Hijab/Abaya,Neutral,Printed,,Celebrity Trends,0,Social Media,Women's Wear,Average,Moderate,193,No,253,9/20/2024 4:06,2/21/2024,35945,59,Price-Sensitive Young Fashionistas
C0418,45.0,Male,Muslim,Summer,Diwali,High,,3109,5,Urban,Postgraduate,Casual/Formal,Pastel,Floral,Cotton,Local Culture,0,Celebrities,Women's Wear,Excellent,Moderate,179,No,244,9/21/2024 17:09,2/22/2024,42217,49,Price-Sensitive Young Fashionistas
C0419,22.0,,Christian,Rainy,None,Low,Low,2710,2,Urban,Postgraduate,Ethnic Wear,Bright,,Silk,Celebrity Trends,3,Social Media,Men's Wear,,Weak,210,No,364,6/15/2024 19:02,2/23/2024,18308,61,Seasonal Trend Followers
C0420,47.0,Female,Muslim,Summer,Diwali,High,Low,1964,7,Urban,Undergraduate,Fusion Wear,Bright,Solid,Wool,E-Commerce Trends,2,,Women's Wear,Average,Moderate,208,No,262,10/5/2024 8:05,2/24/2024,15949,17,Comfort-First Traditional Buyers
C0421,22.0,Female,Christian,Winter,Eid,High,High,3129,7,Rural,Postgraduate,Formal Wear,Pastel,Checks,Cotton,Celebrity Trends,3,Local Trends,,,Strong,189,Yes,333,4/1/2025 10:57,2/25/2024,61990,74,Seasonal Trend Followers
C0422,29.0,Female,Christian,Winter,,Medium,Medium,2158,5,Urban,Graduate,Casual/Formal,Neutral,Solid,Cotton,E-Commerce Trends,2,Celebrities,Women's Wear,,Strong,213,No,292,1/4/2025 17:07,2/26/2024,11150,57,Comfort-First Traditional Buyers
C0423,33.0,Male,Christian,Winter,None,High,High,2727,7,Rural,Graduate,Western Casual,Dark,Floral,Silk,Local Culture,1,Local Trends,Accessories,Poor,Moderate,190,No,260,9/9/2024 7:24,2/27/2024,99480,55,Festival-Driven High Spenders
C0424,43.0,Female,Hindu,Rainy,Eid,Medium,Medium,2907,5,Rural,Undergraduate,Hijab/Abaya,Dark,Checks,Silk,Traditional Media,3,Social Media,Original Fit,Good,Weak,194,Yes,275,8/5/2024 5:59,2/28/2024,84740,47,Seasonal Trend Followers
C0425,,Female,Christian,Summer,Eid,Medium,Low,1904,2,Rural,Postgraduate,Sarees / Salwar Kameez,,Checks,Cotton,Traditional Media,2,Celebrities,Accessories,Poor,Weak,224,No,242,5/12/2024 23:55,2/29/2024,76617,12,Comfort-First Traditional Buyers
C0426,,Male,Hindu,Winter,None,High,Medium,1919,6,Rural,Undergraduate,Casual/Formal,Bright,Solid,Wool,Traditional Media,0,Social Media,Accessories,Excellent,Moderate,232,No,290,12/20/2024 5:57,3/1/2024,26896,62,Price-Sensitive Young Fashionistas
C0427,56.0,Male,,,None,High,Low,3780,6,Urban,Graduate,Party Wear,Bright,Checks,Silk,Celebrity Trends,3,,Original Fit,Excellent,,185,No,275,11/19/2024 2:41,3/2/2024,56175,80,Seasonal Trend Followers
C0428,53.0,Female,Christian,Winter,Eid,Medium,Medium,1766,7,Urban,Undergraduate,Western Casual,Dark,Checks,Silk,Celebrity Trends,0,Celebrities,Women's Wear,Average,Moderate,219,Yes,277,12/31/2024 19:30,3/3/2024,17805,88,Price-Sensitive Young Fashionistas
C0429,50.0,Male,Muslim,Rainy,,High,High,3193,3,Urban,Postgraduate,Western Casual,Pastel,Floral,Rayon,Traditional Media,3,Social Media,Accessories,Poor,Weak,214,Yes,322,10/23/2024 23:51,3/4/2024,15237,83,Seasonal Trend Followers
C0430,,Female,,Rainy,Eid,Low,Low,1589,2,Rural,High School,Ethnic Wear,Dark,Checks,Wool,Local Culture,2,Local Trends,Women's Wear,Average,Weak,208,Yes,301,10/19/2024 21:45,3/5/2024,30056,8,Comfort-First Traditional Buyers
C0431,54.0,Male,Christian,Summer,None,High,High,3045,6,Urban,High School,Festive Wear,,Printed,Wool,E-Commerce Trends,1,Local Trends,Original Fit,Average,Moderate,189,No,296,1/14/2025 15:01,3/6/2024,55543,95,Festival-Driven High Spenders
C0432,40.0,Male,Hindu,,Eid,Medium,High,1076,5,Urban,Undergraduate,Casual/Formal,Neutral,Solid,Cotton,Social Media,2,,Men's Wear,Excellent,Strong,230,No,377,1/10/2025 17:13,3/7/2024,66556,21,Comfort-First Traditional Buyers
C0433,27.0,Male,Christian,Rainy,Diwali,Medium,Low,2602,6,Rural,Graduate,Fusion Wear,Pastel,Checks,Wool,E-Commerce Trends,3,,Women's Wear,Average,Moderate,185,Yes,213,11/7/2024 17:49,3/8/2024,13343,81,Seasonal Trend Followers
C0434,22.0,Female,Muslim,Summer,,Medium,Low,1871,2,Urban,Graduate,Western Casual,Pastel,Solid,Cotton,E-Commerce Trends,0,Social Media,Women's Wear,Good,Strong,224,No,355,8/19/2024 6:32,3/9/2024,23500,87,Price-Sensitive Young Fashionistas
C0435,53.0,Female,Muslim,Winter,Christmas,Medium,High,3426,5,Urban,Undergraduate,Hijab/Abaya,Neutral,Solid,Rayon,Local Culture,1,Celebrities,Men's Wear,Average,Strong,208,No,286,4/23/2025 10:44,3/10/2024,63222,80,Festival-Driven High Spenders
C0436,51.0,Male,Christian,Rainy,Eid,High,High,1972,4,Urban,Graduate,Casual/Formal,Bright,Solid,Wool,Celebrity Trends,2,Local Trends,Men's Wear,Poor,Moderate,230,Yes,293,4/2/2025 0:36,3/11/2024,39375,70,Comfort-First Traditional Buyers
C0437,48.0,,,Summer,Diwali,Medium,,1713,4,Urban,Postgraduate,Sarees / Salwar Kameez,Pastel,Checks,Silk,Celebrity Trends,2,Social Media,Original Fit,,Moderate,218,No,359,10/8/2024 23:30,3/12/2024,19662,72,Comfort-First Traditional Buyers
C0438,27.0,,Hindu,Rainy,,Medium,High,1725,5,Urban,High School,Casual/Formal,Neutral,Checks,Rayon,Social Media,2,Local Trends,Women's Wear,Excellent,Strong,192,No,329,1/22/2025 19:45,3/13/2024,26964,25,Comfort-First Traditional Buyers
C0439,,Female,Muslim,Rainy,Eid,Medium,Low,1550,2,Rural,High School,Ethnic Wear,Neutral,,Cotton,Social Media,2,Local Trends,Women's Wear,Poor,Strong,188,Yes,361,4/5/2025 9:25,3/14/2024,69638,82,Comfort-First Traditional Buyers
C0440,49.0,Male,Muslim,Rainy,Eid,High,Low,2320,6,Urban,Undergraduate,Ethnic Wear,Bright,,Rayon,Local Culture,1,Celebrities,Original Fit,Good,Strong,175,Yes,317,4/3/2025 3:59,3/15/2024,83666,89,Festival-Driven High Spenders
C0441,18.0,Female,Hindu,Rainy,Diwali,High,High,2555,5,Rural,High School,Ethnic Wear,Bright,Solid,Cotton,Social Media,0,Celebrities,Women's Wear,Poor,Strong,193,No,323,6/17/2024 15:06,3/16/2024,95067,12,Price-Sensitive Young Fashionistas
C0442,22.0,,Christian,Summer,None,Medium,Medium,2318,4,Rural,High School,Festive Wear,Bright,Printed,,Celebrity Trends,3,Local Trends,,Good,Weak,173,No,346,10/13/2024 21:29,3/17/2024,77215,15,Seasonal Trend Followers
C0443,21.0,Male,Muslim,Summer,Eid,High,Medium,1805,4,Rural,High School,Western Casual,Bright,,Cotton,E-Commerce Trends,0,Social Media,Accessories,Poor,Moderate,202,No,302,1/13/2025 13:23,3/18/2024,79042,59,Price-Sensitive Young Fashionistas
C0444,33.0,Male,,Summer,None,High,Low,1595,3,Rural,Postgraduate,Festive Wear,Dark,Floral,Wool,Social Media,0,Social Media,,Poor,Strong,192,No,233,5/15/2024 1:57,3/19/2024,23284,26,Price-Sensitive Young Fashionistas
C0445,41.0,Female,Muslim,Rainy,None,Medium,High,2076,6,Urban,High School,Western Casual,Bright,Solid,Silk,Local Culture,1,Celebrities,,Good,Moderate,220,Yes,341,1/30/2025 18:52,3/20/2024,82789,26,Festival-Driven High Spenders
C0446,33.0,Female,Christian,Rainy,Christmas,Medium,High,3262,3,Rural,Undergraduate,Traditional,Dark,Solid,Cotton,Local Culture,3,Local Trends,Accessories,Excellent,Strong,188,Yes,335,3/26/2025 16:04,3/21/2024,94664,47,Seasonal Trend Followers
C0447,19.0,Male,Hindu,Rainy,None,Medium,Low,2819,4,Urban,Graduate,Traditional,Pastel,Checks,Rayon,Social Media,1,Social Media,Accessories,Excellent,,218,No,280,10/9/2024 21:22,3/22/2024,71389,32,Festival-Driven High Spenders
C0448,45.0,Female,Muslim,,Diwali,Medium,Medium,1436,4,Rural,High School,Formal Wear,Neutral,Printed,Cotton,Celebrity Trends,0,Social Media,Original Fit,Poor,Moderate,219,Yes,254,2/10/2025 3:00,3/23/2024,19435,10,Price-Sensitive Young Fashionistas
C0449,49.0,Female,Christian,Rainy,,Medium,Medium,1525,4,Urban,Postgraduate,Sarees / Salwar Kameez,Dark,,Cotton,Traditional Media,2,Celebrities,Original Fit,Poor,Strong,228,Yes,322,6/20/2024 1:27,3/24/2024,64340,16,Comfort-First Traditional Buyers
C0450,44.0,Female,,Winter,Christmas,High,Medium,1489,3,Rural,Graduate,Hijab/Abaya,Pastel,,Cotton,Traditional Media,0,Local Trends,Men's Wear,Excellent,,212,No,360,3/9/2025 20:55,3/25/2024,54078,71,Price-Sensitive Young Fashionistas
C0451,,Female,Christian,Rainy,,High,Low,739,7,Rural,Undergraduate,Traditional,Pastel,Floral,Rayon,Local Culture,0,Social Media,,Excellent,Moderate,199,No,285,2/23/2025 22:25,3/26/2024,88832,17,Price-Sensitive Young Fashionistas
C0452,41.0,Female,Christian,Winter,Eid,Low,,1798,7,Urban,High School,Western Casual,Dark,Solid,Silk,Celebrity Trends,0,Celebrities,Men's Wear,Average,Moderate,212,No,260,11/26/2024 9:21,3/27/2024,61293,23,Price-Sensitive Young Fashionistas
C0453,29.0,Male,Hindu,Rainy,Eid,Medium,Low,1866,6,Rural,High School,Party Wear,Pastel,Checks,Wool,Celebrity Trends,0,Social Media,Men's Wear,Excellent,Moderate,197,No,378,9/10/2024 23:17,3/28/2024,88781,26,Price-Sensitive Young Fashionistas
C0454,52.0,Male,Christian,Summer,None,Low,Low,2636,5,Urban,High School,Formal Wear,Pastel,Checks,Silk,Traditional Media,0,Social Media,Original Fit,Poor,Weak,188,Yes,314,10/21/2024 3:56,3/29/2024,70403,85,Price-Sensitive Young Fashionistas
C0455,,,Muslim,Rainy,Christmas,High,High,2687,4,Urban,Postgraduate,Western Casual,Dark,Printed,Cotton,E-Commerce Trends,3,Social Media,,Good,Strong,194,No,213,4/9/2025 6:26,3/30/2024,39124,86,Seasonal Trend Followers
C0456,50.0,Female,Christian,Winter,Christmas,Medium,Medium,2458,4,Urban,Graduate,Traditional,Pastel,Checks,Rayon,Social Media,3,Celebrities,Original Fit,Excellent,Weak,191,Yes,306,1/15/2025 18:54,3/31/2024,53919,7,Seasonal Trend Followers
C0457,54.0,Female,Christian,Winter,Diwali,Medium,,3134,6,Rural,Graduate,Sarees / Salwar Kameez,Bright,Printed,Silk,E-Commerce Trends,1,Local Trends,Accessories,,Weak,165,No,195,11/21/2024 18:11,4/1/2024,45247,14,Festival-Driven High Spenders
C0458,29.0,Male,Hindu,Rainy,,Low,Medium,1976,6,Rural,Graduate,Fusion Wear,Bright,Printed,,Social Media,2,Celebrities,Accessories,Average,Strong,195,No,222,7/19/2024 21:37,4/2/2024,72752,79,Comfort-First Traditional Buyers
C0459,20.0,Female,Christian,Winter,Diwali,Medium,Medium,3566,5,Rural,Graduate,Fusion Wear,Neutral,Floral,,Traditional Media,3,Local Trends,Men's Wear,Average,Strong,213,No,335,9/22/2024 18:47,4/3/2024,66573,7,Seasonal Trend Followers
C0460,18.0,Female,Christian,,None,Low,High,3350,5,Rural,Undergraduate,Ethnic Wear,Pastel,,Wool,Celebrity Trends,3,Social Media,Accessories,Good,Weak,197,No,256,1/13/2025 5:52,4/4/2024,69101,9,Seasonal Trend Followers
C0461,50.0,Female,Muslim,Summer,,Medium,Medium,2883,3,Rural,Graduate,Casual/Formal,Neutral,Floral,Wool,Local Culture,0,Local Trends,Women's Wear,Excellent,,230,No,374,1/14/2025 21:58,4/5/2024,36646,48,Price-Sensitive Young Fashionistas
C0462,,Female,Hindu,Rainy,,Medium,High,2190,3,Urban,Undergraduate,Traditional,Bright,Checks,Cotton,E-Commerce Trends,0,,Original Fit,Excellent,Moderate,205,Yes,261,5/23/2024 9:01,4/6/2024,33049,72,Price-Sensitive Young Fashionistas
C0463,,Female,Hindu,Rainy,Eid,Medium,Low,2362,4,Rural,Postgraduate,Sarees / Salwar Kameez,Bright,,Rayon,Celebrity Trends,1,,Men's Wear,Excellent,Moderate,229,No,299,11/17/2024 21:19,4/7/2024,89605,59,Festival-Driven High Spenders
C0464,46.0,Male,Hindu,,Diwali,Medium,,2272,7,Urban,Undergraduate,Traditional,Bright,Printed,Silk,Celebrity Trends,0,Celebrities,Men's Wear,Good,Weak,204,No,304,2/19/2025 13:54,4/8/2024,78385,87,Price-Sensitive Young Fashionistas
C0465,30.0,Male,Christian,Winter,None,High,Low,3600,2,Rural,Undergraduate,Traditional,Pastel,Solid,,E-Commerce Trends,3,Social Media,Women's Wear,Good,Weak,188,Yes,311,10/12/2024 8:06,4/9/2024,50158,93,Seasonal Trend Followers
C0466,29.0,Male,Hindu,Rainy,Christmas,Medium,Medium,2063,4,Urban,Graduate,Ethnic Wear,Pastel,Printed,Cotton,E-Commerce Trends,2,Celebrities,Accessories,Poor,Strong,188,No,364,3/22/2025 4:18,4/10/2024,75417,82,Comfort-First Traditional Buyers
C0467,48.0,Male,Christian,Rainy,Eid,High,Low,1202,6,Urban,Graduate,Festive Wear,Bright,Printed,Cotton,Social Media,2,Local Trends,Men's Wear,Average,Strong,212,No,392,8/22/2024 20:29,4/11/2024,33289,95,Comfort-First Traditional Buyers
C0468,19.0,Female,Christian,Summer,Christmas,Medium,Medium,2745,2,Urban,Postgraduate,Western Casual,Neutral,,Silk,Social Media,3,Local Trends,Accessories,Average,Weak,196,Yes,293,6/23/2024 9:49,4/12/2024,19823,94,Seasonal Trend Followers
C0469,52.0,Female,Muslim,Summer,Diwali,Medium,Medium,2610,6,Rural,High School,Sarees / Salwar Kameez,Neutral,Solid,Wool,Traditional Media,3,Social Media,Accessories,Excellent,Weak,208,No,367,8/29/2024 15:20,4/13/2024,70160,39,Seasonal Trend Followers
C0470,40.0,,Muslim,Summer,Eid,High,,1982,6,Urban,Undergraduate,Hijab/Abaya,Dark,Checks,Cotton,Local Culture,0,Celebrities,Women's Wear,Good,Moderate,214,No,358,1/13/2025 23:55,4/14/2024,51975,99,Price-Sensitive Young Fashionistas
C0471,34.0,Female,Muslim,,Eid,Medium,Medium,1509,6,Rural,Postgraduate,Casual/Formal,Bright,Printed,Silk,E-Commerce Trends,2,Social Media,Men's Wear,Good,Moderate,188,No,294,12/9/2024 4:28,4/15/2024,19540,18,Comfort-First Traditional Buyers
C0472,43.0,Male,Muslim,Rainy,None,Low,Medium,1733,3,Urban,High School,Formal Wear,Neutral,,Rayon,Social Media,2,Celebrities,Accessories,Excellent,Strong,204,No,296,6/5/2024 22:43,4/16/2024,26364,59,Comfort-First Traditional Buyers
C0473,25.0,Female,Muslim,Summer,Diwali,Medium,Medium,960,7,Urban,Postgraduate,Casual/Formal,Bright,Checks,Rayon,Celebrity Trends,2,Celebrities,Accessories,Excellent,Moderate,177,No,339,9/16/2024 8:18,4/17/2024,14611,17,Comfort-First Traditional Buyers
C0474,46.0,Female,Christian,Summer,None,High,Medium,2369,5,Urban,Postgraduate,Traditional,Neutral,Solid,Rayon,Social Media,1,Celebrities,Women's Wear,Poor,Strong,190,No,344,9/18/2024 23:32,4/18/2024,37663,14,Festival-Driven High Spenders
C0475,43.0,Male,Christian,Summer,Eid,High,Medium,1038,6,Rural,Undergraduate,Western Casual,Dark,Floral,Wool,Social Media,2,,Women's Wear,Average,Strong,218,No,368,2/25/2025 1:21,4/19/2024,61991,31,Comfort-First Traditional Buyers
C0476,,Female,Hindu,Rainy,Diwali,High,Medium,2774,5,Urban,Postgraduate,Festive Wear,Dark,Checks,Silk,Celebrity Trends,0,Celebrities,Accessories,Average,Strong,206,Yes,316,9/14/2024 23:49,4/20/2024,67679,24,Price-Sensitive Young Fashionistas
C0477,43.0,,Christian,Rainy,,High,,3039,4,Urban,Undergraduate,Indo-Western,Bright,Floral,Silk,E-Commerce Trends,3,Local Trends,Women's Wear,Average,Moderate,177,No,298,11/17/2024 18:54,4/21/2024,40977,99,Seasonal Trend Followers
C0478,51.0,Female,,Rainy,Diwali,Medium,High,2342,6,Rural,Undergraduate,Sarees / Salwar Kameez,Neutral,Printed,Cotton,E-Commerce Trends,2,,Accessories,Poor,Weak,195,No,326,3/6/2025 18:06,4/22/2024,59115,60,Comfort-First Traditional Buyers
C0479,,,Muslim,Winter,Eid,High,Medium,1925,6,Urban,High School,Western Casual,Pastel,Solid,Cotton,E-Commerce Trends,0,Local Trends,Men's Wear,Excellent,Weak,210,Yes,297,4/9/2025 8:28,4/23/2024,98223,45,Price-Sensitive Young Fashionistas
C0480,24.0,Male,Christian,Winter,,Low,High,2933,7,Rural,Postgraduate,Hijab/Abaya,Dark,Printed,,Local Culture,0,Local Trends,Original Fit,,Moderate,176,No,333,3/14/2025 12:50,4/24/2024,70890,98,Price-Sensitive Young Fashionistas
C0481,21.0,Female,Muslim,Summer,Christmas,High,Medium,3270,2,Urban,Postgraduate,Casual/Formal,Bright,Printed,Silk,Local Culture,1,Local Trends,Women's Wear,Average,Weak,208,No,343,5/17/2024 16:50,4/25/2024,76387,3,Festival-Driven High Spenders
C0482,28.0,Male,,Rainy,None,High,Medium,3040,7,Urban,High School,Traditional,Bright,Solid,,Traditional Media,3,Social Media,Original Fit,Average,Strong,217,Yes,268,5/12/2024 17:45,4/26/2024,28071,37,Seasonal Trend Followers
C0483,46.0,Male,Hindu,Summer,Christmas,Medium,Low,1718,4,Rural,Graduate,Casual/Formal,Neutral,Printed,Silk,Celebrity Trends,2,Celebrities,Accessories,Poor,Weak,199,No,225,12/15/2024 16:16,4/27/2024,69275,43,Comfort-First Traditional Buyers
C0484,53.0,Female,Christian,Rainy,Eid,Medium,Low,2141,2,Urban,Postgraduate,Formal Wear,Bright,Solid,,Social Media,1,Social Media,Accessories,Good,Moderate,215,No,243,2/4/2025 14:00,4/28/2024,82369,40,Festival-Driven High Spenders
C0485,42.0,Male,Hindu,Rainy,Eid,Medium,High,1727,7,Rural,Undergraduate,Fusion Wear,Dark,Floral,Rayon,E-Commerce Trends,0,Celebrities,Accessories,Good,Weak,207,No,344,11/3/2024 20:08,4/29/2024,21938,90,Price-Sensitive Young Fashionistas
C0486,38.0,Female,,Rainy,Christmas,Medium,Low,1433,4,Urban,High School,Hijab/Abaya,Bright,Printed,Cotton,Celebrity Trends,3,,,Average,Strong,190,Yes,337,5/24/2024 7:25,4/30/2024,45195,55,Seasonal Trend Followers
C0487,53.0,Male,Hindu,Winter,None,High,Low,1973,6,Urban,Postgraduate,Indo-Western,Bright,Solid,Rayon,Social Media,0,Social Media,Accessories,Poor,Strong,213,Yes,380,4/13/2025 14:04,5/1/2024,14000,87,Price-Sensitive Young Fashionistas
C0488,27.0,Female,,Winter,Christmas,High,High,3316,7,Urban,Graduate,Hijab/Abaya,,Checks,Wool,Traditional Media,3,Local Trends,Women's Wear,Average,Moderate,209,No,295,11/6/2024 12:58,5/2/2024,80588,39,Seasonal Trend Followers
C0489,54.0,Male,Muslim,Rainy,,Low,Low,3624,7,Urban,Graduate,Traditional,Pastel,Printed,Wool,Local Culture,1,Celebrities,Men's Wear,Good,Moderate,208,No,342,12/31/2024 16:35,5/3/2024,48304,15,Festival-Driven High Spenders
C0490,26.0,Female,Muslim,Summer,Diwali,High,,1286,7,Urban,Graduate,Party Wear,Dark,Floral,Wool,Social Media,2,Local Trends,Men's Wear,Average,Moderate,205,Yes,343,11/6/2024 21:07,5/4/2024,79449,4,Comfort-First Traditional Buyers
C0491,41.0,Female,Muslim,Rainy,Diwali,High,,3668,6,Rural,High School,Western Casual,Neutral,Solid,Silk,Celebrity Trends,3,Social Media,,Good,Strong,184,No,323,6/4/2024 14:45,5/5/2024,92986,93,Seasonal Trend Followers
C0492,52.0,Male,Christian,Rainy,Christmas,High,High,2912,2,Rural,Undergraduate,Fusion Wear,,,Silk,Social Media,3,Local Trends,Men's Wear,Good,Weak,219,Yes,358,5/21/2024 7:54,5/6/2024,99643,86,Seasonal Trend Followers
C0493,52.0,Female,Hindu,Summer,Christmas,Medium,Medium,1715,5,Rural,Postgraduate,Festive Wear,,Printed,Silk,Social Media,2,Celebrities,Original Fit,Good,Weak,215,No,287,12/16/2024 9:45,5/7/2024,30764,25,Comfort-First Traditional Buyers
C0494,53.0,Female,Christian,Rainy,Christmas,High,Low,1759,2,Rural,Graduate,Casual/Formal,Dark,Printed,,Traditional Media,0,Celebrities,Accessories,Excellent,Moderate,193,No,318,12/21/2024 3:03,5/8/2024,96027,13,Price-Sensitive Young Fashionistas
C0495,35.0,,Muslim,,Diwali,High,High,1610,4,Urban,Postgraduate,Hijab/Abaya,Pastel,Floral,Rayon,Social Media,0,Celebrities,Accessories,Excellent,Weak,184,No,243,5/3/2025 6:39,5/9/2024,48494,82,Price-Sensitive Young Fashionistas
C0496,56.0,Female,Christian,Winter,,High,High,865,3,Rural,Postgraduate,Indo-Western,Neutral,,Silk,E-Commerce Trends,0,Social Media,Accessories,Average,Weak,215,Yes,413,8/9/2024 19:45,5/10/2024,13373,33,Price-Sensitive Young Fashionistas
C0497,49.0,Female,Hindu,Winter,Eid,Medium,Medium,1716,3,Rural,Undergraduate,Festive Wear,Pastel,Checks,Rayon,Local Culture,2,Celebrities,Original Fit,Good,Moderate,205,No,317,6/11/2024 21:05,5/11/2024,22161,16,Comfort-First Traditional Buyers
C0498,41.0,Female,Christian,Summer,Christmas,Medium,Medium,2860,4,Urban,High School,Festive Wear,Dark,Checks,Rayon,Social Media,3,Social Media,Original Fit,Excellent,Moderate,205,Yes,276,8/26/2024 2:52,5/12/2024,37350,42,Seasonal Trend Followers
C0499,40.0,Female,Hindu,Winter,None,Medium,Low,1331,6,Rural,Undergraduate,Traditional,Dark,Checks,Rayon,Celebrity Trends,0,Local Trends,Original Fit,Average,,212,No,367,8/8/2024 16:20,5/13/2024,35351,66,Price-Sensitive Young Fashionistas
C0500,49.0,Female,Christian,Winter,Eid,Low,High,1787,5,Urban,High School,Indo-Western,Pastel,Solid,Cotton,Local Culture,0,Celebrities,Women's Wear,Average,Strong,211,No,316,11/8/2024 2:01,5/14/2024,98668,55,Price-Sensitive Young Fashionistas
C0501,54.0,Male,Hindu,Summer,Eid,High,Low,1298,5,Urban,Graduate,Festive Wear,Neutral,Checks,Cotton,Celebrity Trends,0,Celebrities,Original Fit,Average,Strong,238,Yes,333,11/7/2024 23:52,5/15/2024,25305,99,Price-Sensitive Young Fashionistas
C0502,29.0,Male,Hindu,Winter,Eid,High,Low,1631,2,Rural,Postgraduate,Party Wear,Bright,Floral,Wool,Local Culture,0,Celebrities,Men's Wear,Average,Strong,205,Yes,216,5/28/2024 9:43,5/16/2024,85353,42,Price-Sensitive Young Fashionistas
C0503,30.0,Female,Muslim,Rainy,None,High,,3781,6,Urban,Postgraduate,Indo-Western,Bright,Solid,Wool,Social Media,1,Local Trends,,,Weak,179,No,311,9/7/2024 20:49,5/17/2024,86797,34,Festival-Driven High Spenders
C0504,40.0,Male,Hindu,Rainy,None,Low,High,3223,2,Rural,High School,Hijab/Abaya,,Printed,Rayon,E-Commerce Trends,3,,Women's Wear,Poor,Weak,208,No,295,2/26/2025 8:40,5/18/2024,75953,30,Seasonal Trend Followers
C0505,,Female,Muslim,Summer,Diwali,High,High,2039,5,Rural,Graduate,Hijab/Abaya,Neutral,Floral,Wool,Social Media,2,Social Media,,,Strong,191,No,244,3/20/2025 10:15,5/19/2024,67458,13,Comfort-First Traditional Buyers
C0506,,Male,Muslim,Winter,None,High,High,418,3,Rural,High School,Hijab/Abaya,Bright,Printed,,Local Culture,2,,Original Fit,Average,Strong,173,Yes,254,7/18/2024 9:01,5/20/2024,30358,13,Comfort-First Traditional Buyers
C0507,,,Muslim,Rainy,None,High,Medium,1460,3,Urban,Postgraduate,Sarees / Salwar Kameez,Dark,,,Local Culture,0,Local Trends,Women's Wear,Poor,Moderate,194,No,301,2/28/2025 19:58,5/21/2024,13267,18,Price-Sensitive Young Fashionistas
C0508,47.0,Female,Christian,Rainy,None,Low,Medium,1506,3,Urban,Postgraduate,Western Casual,Neutral,Floral,Cotton,Traditional Media,0,,Original Fit,Good,Weak,211,No,348,5/27/2024 18:43,5/22/2024,92745,32,Price-Sensitive Young Fashionistas
C0509,34.0,Female,Christian,Winter,Eid,Low,Medium,2315,7,Rural,Postgraduate,Formal Wear,Bright,Solid,Cotton,E-Commerce Trends,0,Local Trends,Original Fit,,Weak,211,No,313,4/9/2025 8:10,5/23/2024,99588,96,Price-Sensitive Young Fashionistas
C0510,37.0,Male,Christian,Winter,Christmas,High,Medium,1765,5,Urban,Graduate,Festive Wear,Neutral,Floral,Silk,Social Media,2,Local Trends,Women's Wear,,Strong,199,No,302,5/10/2024 11:32,5/24/2024,48513,99,Comfort-First Traditional Buyers
C0511,42.0,Female,Christian,Rainy,Diwali,Low,Medium,1582,3,Urban,Graduate,Indo-Western,Pastel,Printed,Rayon,Social Media,0,Social Media,Accessories,Poor,Weak,208,No,228,6/27/2024 22:49,5/25/2024,36092,39,Price-Sensitive Young Fashionistas
C0512,39.0,Female,Hindu,Rainy,Christmas,Medium,High,2580,4,Rural,High School,Traditional,Neutral,Solid,Cotton,E-Commerce Trends,2,Local Trends,Accessories,,Moderate,197,No,310,8/14/2024 18:52,5/26/2024,21338,46,Comfort-First Traditional Buyers
C0513,30.0,,Hindu,Summer,Christmas,Low,Low,3455,2,Urban,Undergraduate,Hijab/Abaya,Bright,Floral,Rayon,Social Media,1,,Women's Wear,Poor,Moderate,184,No,237,8/18/2024 9:26,5/27/2024,10412,29,Festival-Driven High Spenders
C0514,,Female,Christian,Summer,None,High,High,1835,5,Urban,Postgraduate,Festive Wear,Pastel,,Wool,Celebrity Trends,0,Local Trends,Accessories,Good,Weak,208,No,245,4/8/2025 9:06,5/28/2024,17543,62,Price-Sensitive Young Fashionistas
C0515,53.0,Male,Hindu,Rainy,Diwali,High,Low,1667,4,Urban,Graduate,Festive Wear,Neutral,Floral,,Local Culture,0,,Men's Wear,Good,Strong,176,No,198,7/4/2024 19:17,5/29/2024,43496,93,Price-Sensitive Young Fashionistas
C0516,29.0,Male,Hindu,Summer,Christmas,High,Medium,2835,7,Urban,Graduate,Casual/Formal,Dark,Floral,Cotton,E-Commerce Trends,3,Local Trends,Men's Wear,Excellent,Weak,206,Yes,333,11/17/2024 10:59,5/30/2024,70692,62,Seasonal Trend Followers
C0517,58.0,Female,Muslim,,Christmas,Medium,Low,1977,4,Urban,High School,Formal Wear,Bright,Solid,Rayon,Traditional Media,0,Local Trends,Original Fit,Poor,Moderate,232,No,316,12/12/2024 9:30,5/31/2024,99084,57,Price-Sensitive Young Fashionistas
C0518,,Male,Muslim,Rainy,Diwali,High,High,1096,6,Urban,High School,Ethnic Wear,Pastel,Printed,Cotton,Celebrity Trends,0,Local Trends,Accessories,Average,Strong,197,No,327,2/23/2025 12:57,6/1/2024,54425,16,Price-Sensitive Young Fashionistas
C0519,29.0,Female,Muslim,Summer,None,High,High,4410,3,Urban,High School,Formal Wear,,Floral,Wool,Local Culture,1,Social Media,Men's Wear,Average,Weak,197,No,340,1/27/2025 12:38,6/2/2024,48756,56,Festival-Driven High Spenders
C0520,26.0,Female,Muslim,Summer,Christmas,Medium,Low,3159,3,Rural,Undergraduate,Casual/Formal,Dark,,Cotton,E-Commerce Trends,1,Social Media,,Excellent,Strong,196,Yes,353,9/12/2024 2:18,6/3/2024,28888,10,Festival-Driven High Spenders
C0521,24.0,Male,,Winter,Eid,High,Medium,3596,4,Rural,Undergraduate,Indo-Western,Bright,Printed,Rayon,Social Media,3,Local Trends,Accessories,Excellent,Strong,221,Yes,369,8/29/2024 23:55,6/4/2024,45735,30,Seasonal Trend Followers
C0522,45.0,Female,Christian,Winter,Christmas,Low,Medium,1567,7,Urban,Graduate,Ethnic Wear,Dark,Floral,Wool,Social Media,2,,Men's Wear,Excellent,Moderate,187,No,322,12/7/2024 21:50,6/5/2024,57295,25,Comfort-First Traditional Buyers
C0523,31.0,Female,Hindu,Winter,Eid,Medium,High,2450,4,Urban,Graduate,Western Casual,Neutral,Printed,Silk,Local Culture,1,Celebrities,,Poor,Strong,206,Yes,328,10/16/2024 5:02,6/6/2024,93042,84,Festival-Driven High Spenders
C0524,48.0,Male,,Rainy,None,High,Low,3928,6,Rural,Postgraduate,Sarees / Salwar Kameez,Neutral,Printed,Wool,Celebrity Trends,1,Local Trends,Women's Wear,Average,Weak,218,No,284,8/14/2024 19:52,6/7/2024,95999,5,Festival-Driven High Spenders
C0525,36.0,Female,Hindu,Summer,Christmas,Medium,Medium,2319,6,Urban,Postgraduate,Traditional,Pastel,Solid,Silk,E-Commerce Trends,3,Celebrities,Original Fit,Average,Strong,242,Yes,340,3/8/2025 13:52,6/8/2024,27955,65,Seasonal Trend Followers
C0526,33.0,Female,Muslim,Rainy,Diwali,High,Medium,2738,2,Urban,Undergraduate,Western Casual,Dark,Printed,Cotton,Celebrity Trends,1,Celebrities,Women's Wear,Average,Strong,218,Yes,317,10/29/2024 16:39,6/9/2024,47841,94,Festival-Driven High Spenders
C0527,22.0,Female,Muslim,Summer,Diwali,High,High,1891,7,Urban,Graduate,Indo-Western,Pastel,Solid,Cotton,Celebrity Trends,0,Local Trends,Original Fit,Excellent,Weak,212,Yes,329,6/11/2024 17:15,6/10/2024,80640,49,Price-Sensitive Young Fashionistas
C0528,52.0,Female,Muslim,Rainy,Christmas,Medium,Medium,3989,5,Rural,Undergraduate,Casual/Formal,Bright,Floral,Rayon,E-Commerce Trends,1,,Men's Wear,Average,,211,Yes,345,12/27/2024 3:57,6/11/2024,75510,3,Festival-Driven High Spenders
C0529,29.0,Male,Christian,,,Medium,Low,2573,2,Urban,Undergraduate,Fusion Wear,Pastel,Printed,Silk,Traditional Media,2,Celebrities,Original Fit,Good,Moderate,182,No,245,8/5/2024 10:19,6/12/2024,44911,45,Comfort-First Traditional Buyers
C0530,42.0,Female,Hindu,Winter,None,High,High,2044,3,Rural,High School,Formal Wear,Bright,Printed,Cotton,Social Media,2,Celebrities,Men's Wear,Excellent,Weak,224,Yes,288,11/3/2024 7:10,6/13/2024,69031,14,Comfort-First Traditional Buyers
C0531,38.0,Female,Christian,Winter,Diwali,High,High,3008,7,Urban,Undergraduate,Fusion Wear,Neutral,,,Celebrity Trends,3,Local Trends,Men's Wear,Average,Weak,213,No,360,3/13/2025 10:05,6/14/2024,98726,30,Seasonal Trend Followers
C0532,53.0,Female,Muslim,Rainy,Christmas,Medium,Low,2795,5,Urban,Undergraduate,Party Wear,Neutral,,Cotton,Local Culture,0,Local Trends,Accessories,Poor,Moderate,180,No,324,2/12/2025 18:22,6/15/2024,17357,68,Price-Sensitive Young Fashionistas
C0533,40.0,Female,,Summer,None,High,High,872,4,Urban,Postgraduate,Ethnic Wear,Dark,Floral,Wool,E-Commerce Trends,2,Celebrities,Original Fit,Excellent,Strong,208,No,371,1/10/2025 17:08,6/16/2024,42479,18,Comfort-First Traditional Buyers
C0534,,Female,Hindu,Summer,Diwali,High,Medium,1745,7,Urban,Undergraduate,Party Wear,Bright,Checks,Cotton,Local Culture,0,Local Trends,Original Fit,Good,Weak,186,No,286,4/30/2025 17:54,6/17/2024,71476,62,Price-Sensitive Young Fashionistas
C0535,,,,Winter,,Low,Medium,2485,2,Urban,Graduate,Sarees / Salwar Kameez,Neutral,Checks,Rayon,Social Media,3,Local Trends,Original Fit,Good,Strong,172,No,336,4/29/2025 10:54,6/18/2024,54811,37,Seasonal Trend Followers
C0536,59.0,Female,Muslim,Winter,Christmas,Low,Low,2052,6,Rural,Undergraduate,Sarees / Salwar Kameez,Dark,Solid,Wool,E-Commerce Trends,0,Celebrities,Women's Wear,Poor,,190,No,314,12/23/2024 5:06,6/19/2024,46208,25,Price-Sensitive Young Fashionistas
C0537,56.0,Female,Muslim,Winter,Eid,Medium,Medium,3344,3,Urban,Postgraduate,Sarees / Salwar Kameez,Dark,Solid,Rayon,Social Media,2,,Accessories,Poor,Moderate,192,Yes,259,2/23/2025 20:46,6/20/2024,30150,48,Comfort-First Traditional Buyers
C0538,31.0,,Christian,Winter,Eid,High,Low,1966,2,Rural,Undergraduate,Sarees / Salwar Kameez,Pastel,Printed,Wool,E-Commerce Trends,2,Social Media,Accessories,Excellent,Strong,196,No,325,11/9/2024 14:31,6/21/2024,81180,65,Comfort-First Traditional Buyers
C0539,48.0,Female,Muslim,Summer,None,High,Low,963,2,Rural,Postgraduate,Indo-Western,Dark,Printed,Silk,Local Culture,0,Local Trends,Accessories,Excellent,Strong,204,No,247,7/13/2024 15:05,6/22/2024,53286,53,Price-Sensitive Young Fashionistas
C0540,22.0,Female,,Rainy,None,Medium,Medium,1064,5,Rural,Undergraduate,Traditional,Neutral,Printed,Rayon,Local Culture,0,Social Media,,Good,,208,No,257,5/8/2024 0:06,6/23/2024,78450,79,Price-Sensitive Young Fashionistas
C0541,,Male,Hindu,Rainy,None,High,Low,2087,4,Rural,High School,Formal Wear,Pastel,Printed,Cotton,E-Commerce Trends,2,Celebrities,Original Fit,,Strong,212,No,232,12/8/2024 7:40,6/24/2024,31352,73,Comfort-First Traditional Buyers
C0542,,Male,Muslim,Rainy,Christmas,High,Medium,1265,4,Rural,Graduate,Traditional,Bright,Solid,Silk,Local Culture,2,Local Trends,Original Fit,Excellent,Weak,199,No,337,9/8/2024 9:47,6/25/2024,65069,15,Comfort-First Traditional Buyers
C0543,46.0,Male,Muslim,Rainy,Eid,Low,High,1365,4,Urban,Postgraduate,Party Wear,Bright,Floral,Cotton,Local Culture,2,Celebrities,Original Fit,Good,Moderate,183,No,345,12/15/2024 3:13,6/26/2024,24397,49,Comfort-First Traditional Buyers
C0544,28.0,Female,Hindu,Winter,Christmas,Medium,High,1325,4,Urban,High School,Party Wear,Neutral,Printed,Wool,E-Commerce Trends,2,Celebrities,Accessories,Poor,Strong,205,No,387,2/2/2025 20:42,6/27/2024,51555,88,Comfort-First Traditional Buyers
C0545,35.0,Female,,Winter,,High,Low,2739,2,Urban,Postgraduate,Formal Wear,Neutral,Floral,Wool,Local Culture,1,Celebrities,Accessories,Good,Weak,202,No,329,7/17/2024 5:49,6/28/2024,56959,68,Festival-Driven High Spenders
C0546,29.0,Female,Christian,Winter,Eid,Medium,,3177,2,Rural,High School,Fusion Wear,Pastel,Printed,Cotton,Traditional Media,3,Celebrities,Men's Wear,,Strong,193,Yes,279,6/30/2024 18:02,6/29/2024,10728,12,Seasonal Trend Followers
C0547,26.0,,Muslim,Rainy,Christmas,High,Medium,1007,3,Urban,Undergraduate,Sarees / Salwar Kameez,Pastel,Checks,Cotton,E-Commerce Trends,2,Celebrities,Women's Wear,Poor,Weak,177,No,188,12/19/2024 20:27,6/30/2024,60517,59,Comfort-First Traditional Buyers
C0548,27.0,Female,Hindu,Winter,Christmas,High,High,2327,6,Urban,Postgraduate,Indo-Western,,Printed,Silk,Social Media,2,Local Trends,Women's Wear,,Weak,159,Yes,309,1/27/2025 13:43,7/1/2024,76234,37,Comfort-First Traditional Buyers
C0549,34.0,Male,Christian,Winter,Diwali,Medium,High,1026,7,Urban,High School,Hijab/Abaya,Neutral,Printed,Cotton,Local Culture,2,Social Media,Accessories,Excellent,,196,No,229,9/16/2024 10:19,7/2/2024,49954,61,Comfort-First Traditional Buyers
C0550,55.0,Female,Christian,Summer,Christmas,High,Medium,1741,5,Urban,Undergraduate,Indo-Western,,Printed,Rayon,Local Culture,2,Local Trends,,Average,Moderate,203,No,284,12/7/2024 4:41,7/3/2024,57280,43,Comfort-First Traditional Buyers
C0551,24.0,Female,Muslim,Summer,None,Medium,Low,1431,3,Urban,Graduate,Formal Wear,Bright,Solid,Rayon,Social Media,2,Local Trends,Original Fit,Poor,Strong,214,Yes,399,12/23/2024 9:38,7/4/2024,89459,70,Comfort-First Traditional Buyers
C0552,30.0,Female,Muslim,,,High,High,1863,4,Rural,Postgraduate,Party Wear,Bright,Checks,Cotton,Local Culture,1,Local Trends,Accessories,Good,Moderate,184,Yes,285,6/23/2024 7:01,7/5/2024,26779,39,Festival-Driven High Spenders
C0553,57.0,Male,Christian,Summer,Eid,Medium,Low,2644,2,Urban,Graduate,Fusion Wear,Neutral,Printed,Rayon,Celebrity Trends,2,Local Trends,Women's Wear,Excellent,,206,Yes,235,10/16/2024 14:50,7/6/2024,73932,56,Comfort-First Traditional Buyers
C0554,59.0,Male,,Summer,,High,Low,3064,2,Urban,High School,Ethnic Wear,Dark,Printed,Cotton,Traditional Media,3,Social Media,Women's Wear,Average,Weak,169,No,186,6/27/2024 9:07,7/7/2024,82936,63,Seasonal Trend Followers
C0555,26.0,Male,,,Diwali,High,High,1826,3,Rural,Postgraduate,Party Wear,Neutral,,Silk,E-Commerce Trends,2,Local Trends,Women's Wear,Average,Moderate,209,No,310,11/22/2024 17:11,7/8/2024,34466,46,Comfort-First Traditional Buyers
C0556,,Male,Muslim,Winter,Eid,Medium,Low,1710,4,Rural,Graduate,Fusion Wear,Neutral,Checks,Rayon,Celebrity Trends,2,,Original Fit,,Moderate,209,No,235,5/19/2024 6:53,7/9/2024,46939,88,Comfort-First Traditional Buyers
C0557,19.0,Female,Hindu,Winter,Eid,High,Low,1011,5,Urban,Graduate,Casual/Formal,,Printed,Rayon,Celebrity Trends,0,,Women's Wear,Poor,Strong,193,No,290,12/31/2024 0:34,7/10/2024,79896,11,Price-Sensitive Young Fashionistas
C0558,22.0,Male,,Winter,Diwali,Medium,,2015,7,Rural,Undergraduate,Sarees / Salwar Kameez,Neutral,Floral,Cotton,E-Commerce Trends,0,Local Trends,Original Fit,Excellent,Weak,176,No,240,12/18/2024 1:32,7/11/2024,45270,62,Price-Sensitive Young Fashionistas
C0559,46.0,Female,Christian,Rainy,,High,Low,1823,5,Urban,Undergraduate,Casual/Formal,Pastel,Floral,Rayon,Social Media,2,Social Media,Original Fit,Average,Moderate,202,No,241,10/26/2024 4:07,7/12/2024,69163,77,Comfort-First Traditional Buyers
C0560,54.0,Female,Muslim,Rainy,Eid,Low,Medium,1251,4,Rural,Graduate,Hijab/Abaya,Neutral,Solid,,Traditional Media,0,Social Media,Original Fit,,Weak,198,No,253,9/26/2024 5:51,7/13/2024,92637,98,Price-Sensitive Young Fashionistas
C0561,55.0,Male,,Winter,None,Medium,High,1790,6,Rural,Postgraduate,Ethnic Wear,Neutral,Floral,Silk,Social Media,2,Celebrities,,Average,Weak,201,No,243,9/9/2024 7:01,7/14/2024,61934,25,Comfort-First Traditional Buyers
C0562,36.0,Male,Christian,Summer,Eid,High,High,3649,5,Urban,Postgraduate,Ethnic Wear,Neutral,Printed,Silk,Local Culture,1,Local Trends,Original Fit,Good,Strong,176,No,210,12/8/2024 12:02,7/15/2024,74895,71,Festival-Driven High Spenders
C0563,25.0,Male,Christian,Winter,Eid,Medium,Medium,3414,5,Urban,Graduate,Indo-Western,Neutral,Solid,Rayon,Traditional Media,1,Local Trends,,,Strong,189,Yes,360,12/14/2024 5:51,7/16/2024,42307,52,Festival-Driven High Spenders
C0564,18.0,Male,Hindu,Winter,None,High,High,2587,7,Urban,Graduate,Festive Wear,Dark,,,Local Culture,1,Local Trends,Women's Wear,Excellent,Strong,219,No,316,4/4/2025 9:51,7/17/2024,64098,4,Festival-Driven High Spenders
C0565,39.0,Male,Hindu,Summer,,Low,Low,3426,5,Rural,Undergraduate,Traditional,Neutral,Printed,Wool,Local Culture,3,Celebrities,Accessories,Average,Moderate,185,No,344,8/27/2024 10:41,7/18/2024,70921,59,Seasonal Trend Followers
C0566,34.0,Female,Muslim,,None,High,Low,3358,6,Rural,High School,Hijab/Abaya,Pastel,Checks,Wool,Social Media,3,Social Media,Women's Wear,Good,Weak,207,Yes,379,10/15/2024 19:31,7/19/2024,15486,72,Seasonal Trend Followers
C0567,24.0,Male,Muslim,,Diwali,Medium,Low,2750,3,Rural,High School,Festive Wear,Pastel,Floral,Rayon,E-Commerce Trends,1,Celebrities,,Poor,Moderate,202,No,260,5/18/2024 20:46,7/20/2024,18335,20,Festival-Driven High Spenders
C0568,42.0,Female,Christian,Winter,None,Medium,High,3179,2,Rural,Undergraduate,Indo-Western,,,Rayon,Celebrity Trends,1,Local Trends,Accessories,Good,Moderate,186,Yes,243,8/24/2024 14:15,7/21/2024,96900,93,Festival-Driven High Spenders
C0569,21.0,Male,Christian,Rainy,,Medium,Low,1536,2,Urban,High School,Western Casual,Bright,Checks,Wool,Traditional Media,2,Social Media,Men's Wear,Poor,Strong,174,Yes,235,12/12/2024 11:05,7/22/2024,99112,63,Comfort-First Traditional Buyers
C0570,53.0,,Christian,Rainy,Eid,Medium,High,1665,4,Urban,Postgraduate,Fusion Wear,Dark,Printed,Cotton,Local Culture,2,Social Media,Original Fit,Poor,Weak,189,No,351,11/26/2024 19:06,7/23/2024,21130,54,Comfort-First Traditional Buyers
C0571,23.0,Female,Muslim,,None,Medium,Low,2268,5,Rural,Undergraduate,Festive Wear,Neutral,,Wool,Celebrity Trends,0,Celebrities,Women's Wear,Average,Weak,218,Yes,357,6/23/2024 12:13,7/24/2024,97508,74,Price-Sensitive Young Fashionistas
C0572,48.0,Female,Hindu,Rainy,Eid,High,,3743,4,Rural,Undergraduate,Casual/Formal,Neutral,Floral,,Local Culture,1,Social Media,Men's Wear,Poor,,210,No,264,4/29/2025 22:13,7/25/2024,70566,98,Festival-Driven High Spenders
C0573,36.0,Female,Hindu,Rainy,None,High,High,3021,2,Urban,Undergraduate,Indo-Western,Neutral,Solid,Silk,Local Culture,1,Social Media,Original Fit,Good,,194,No,324,7/23/2024 23:49,7/26/2024,76703,57,Festival-Driven High Spenders
C0574,56.0,Female,Christian,Rainy,Diwali,High,High,1537,3,Urban,Undergraduate,Formal Wear,Bright,,Silk,E-Commerce Trends,2,Local Trends,Men's Wear,Poor,Strong,218,Yes,390,9/27/2024 9:08,7/27/2024,37192,90,Comfort-First Traditional Buyers
C0575,44.0,Female,Christian,Summer,Diwali,High,Low,1630,7,Rural,Postgraduate,Formal Wear,Bright,Floral,,Local Culture,0,Local Trends,Original Fit,Average,Moderate,197,No,243,7/31/2024 2:01,7/28/2024,11062,41,Price-Sensitive Young Fashionistas
C0576,27.0,Female,Christian,Rainy,None,Medium,High,1808,3,Rural,Postgraduate,Ethnic Wear,Bright,,Cotton,Traditional Media,2,Social Media,Accessories,Excellent,Moderate,199,Yes,283,6/27/2024 9:24,7/29/2024,94076,3,Comfort-First Traditional Buyers
C0577,43.0,Female,Christian,Rainy,Diwali,High,High,3255,7,Urban,Undergraduate,Hijab/Abaya,Dark,Floral,Wool,Social Media,3,Social Media,Original Fit,Good,Strong,222,No,339,4/19/2025 22:56,7/30/2024,99780,6,Seasonal Trend Followers
C0578,,,Muslim,Summer,Eid,High,Medium,1983,4,Rural,High School,Festive Wear,Pastel,Printed,Wool,Celebrity Trends,3,Celebrities,Accessories,Good,Moderate,190,No,361,10/3/2024 22:02,7/31/2024,31545,5,Seasonal Trend Followers
C0579,56.0,Male,Hindu,Rainy,Eid,Medium,Medium,2277,7,Urban,High School,Casual/Formal,Dark,Checks,Cotton,Celebrity Trends,0,Celebrities,Original Fit,Average,Moderate,223,Yes,416,2/8/2025 13:36,8/1/2024,31689,5,Price-Sensitive Young Fashionistas
C0580,20.0,Female,Christian,Rainy,Christmas,High,Low,1571,5,Urban,Graduate,Casual/Formal,Bright,Printed,Wool,Social Media,2,Social Media,Original Fit,,,205,Yes,324,11/4/2024 13:28,8/2/2024,21174,54,Comfort-First Traditional Buyers
C0581,30.0,Female,Muslim,Summer,Diwali,High,Medium,1356,4,Urban,Graduate,Sarees / Salwar Kameez,Pastel,Printed,Silk,Traditional Media,2,Local Trends,Women's Wear,Average,Moderate,210,No,357,11/24/2024 14:10,8/3/2024,98461,47,Comfort-First Traditional Buyers
C0582,45.0,Female,Christian,Winter,,High,Low,2163,4,Urban,Undergraduate,Western Casual,Pastel,Solid,Rayon,E-Commerce Trends,3,Social Media,Men's Wear,Average,Weak,209,No,272,1/29/2025 21:29,8/4/2024,19348,87,Seasonal Trend Followers
C0583,37.0,Female,Christian,Summer,None,High,Low,1488,6,Rural,Graduate,Indo-Western,Bright,Floral,Rayon,Traditional Media,2,Social Media,Men's Wear,Good,Moderate,185,Yes,289,10/26/2024 22:08,8/5/2024,33714,49,Comfort-First Traditional Buyers
C0584,45.0,Female,Hindu,Rainy,,Medium,Low,2298,4,Rural,Postgraduate,Sarees / Salwar Kameez,Bright,,Wool,E-Commerce Trends,0,Local Trends,,Excellent,Strong,245,No,336,9/22/2024 23:18,8/6/2024,48102,9,Price-Sensitive Young Fashionistas
C0585,25.0,Male,,Rainy,Eid,High,High,2246,4,Rural,Undergraduate,Festive Wear,Dark,Floral,Cotton,Traditional Media,2,Local Trends,Original Fit,Poor,Weak,217,No,348,1/22/2025 19:34,8/7/2024,84460,99,Comfort-First Traditional Buyers
C0586,58.0,Male,Hindu,Rainy,Diwali,High,Medium,1987,5,Urban,Postgraduate,Sarees / Salwar Kameez,Bright,Printed,Cotton,Traditional Media,2,Celebrities,,Poor,Weak,189,No,367,7/20/2024 21:54,8/8/2024,99930,20,Comfort-First Traditional Buyers
C0587,56.0,Male,Hindu,Summer,None,Low,,1995,7,Rural,Undergraduate,Casual/Formal,,,Silk,Local Culture,0,Celebrities,Original Fit,Excellent,Moderate,198,No,274,10/10/2024 14:19,8/9/2024,16801,61,Price-Sensitive Young Fashionistas
C0588,18.0,Female,Hindu,,Eid,Medium,Medium,2479,6,Urban,Undergraduate,Formal Wear,Neutral,Solid,Cotton,Traditional Media,1,Celebrities,Accessories,Excellent,Weak,194,No,349,1/15/2025 20:09,8/10/2024,82267,35,Festival-Driven High Spenders
C0589,20.0,Female,Muslim,Rainy,,Medium,,2568,5,Urban,Postgraduate,Hijab/Abaya,Bright,Checks,Cotton,Social Media,1,Celebrities,Accessories,Excellent,Strong,184,No,259,5/14/2024 1:01,8/11/2024,58136,50,Festival-Driven High Spenders
C0590,30.0,Male,Muslim,Summer,Christmas,High,Medium,2975,6,Urban,Graduate,Ethnic Wear,Bright,Checks,Silk,E-Commerce Trends,1,Local Trends,Women's Wear,Average,,243,No,345,5/13/2024 5:18,8/12/2024,33625,82,Festival-Driven High Spenders
C0591,45.0,Female,Hindu,Winter,,High,Medium,2084,2,Rural,High School,Festive Wear,Dark,Printed,Wool,Local Culture,3,,Original Fit,,Moderate,206,No,316,7/4/2024 19:02,8/13/2024,92873,62,Seasonal Trend Followers
C0592,42.0,Male,Christian,Winter,None,High,,2763,3,Urban,Postgraduate,Traditional,Dark,Solid,Rayon,Social Media,1,Celebrities,Men's Wear,Good,Moderate,212,Yes,266,11/29/2024 9:03,8/14/2024,82592,17,Festival-Driven High Spenders
C0593,50.0,Female,,Rainy,Eid,Medium,High,1519,7,Urban,Undergraduate,Western Casual,Bright,Floral,Silk,Celebrity Trends,2,Celebrities,Men's Wear,Good,Weak,188,No,337,2/28/2025 21:13,8/15/2024,87052,88,Comfort-First Traditional Buyers
C0594,55.0,Female,Christian,,None,High,Medium,4329,3,Rural,Undergraduate,Formal Wear,Pastel,Floral,Wool,E-Commerce Trends,1,Local Trends,Women's Wear,Average,Strong,184,No,286,6/25/2024 10:04,8/16/2024,54261,3,Festival-Driven High Spenders
C0595,23.0,Male,Hindu,Rainy,Eid,Medium,High,1812,6,Urban,High School,Formal Wear,Pastel,Printed,Silk,E-Commerce Trends,0,Local Trends,Men's Wear,Good,Strong,193,No,368,10/15/2024 8:40,8/17/2024,11542,32,Price-Sensitive Young Fashionistas
C0596,49.0,Female,Christian,Summer,Diwali,Medium,High,1653,5,Rural,Undergraduate,Indo-Western,Neutral,Checks,Wool,E-Commerce Trends,2,Social Media,Women's Wear,,Moderate,197,No,354,2/19/2025 5:16,8/18/2024,31677,99,Comfort-First Traditional Buyers
C0597,38.0,Male,Muslim,Summer,Eid,High,Low,703,6,Urban,High School,Sarees / Salwar Kameez,,Solid,Silk,E-Commerce Trends,0,Social Media,Original Fit,Good,Moderate,205,No,349,10/1/2024 4:19,8/19/2024,56732,13,Price-Sensitive Young Fashionistas
C0598,33.0,Male,Christian,Winter,None,High,Low,1062,5,Rural,High School,Western Casual,Dark,Checks,Wool,Celebrity Trends,0,Local Trends,Men's Wear,Excellent,Strong,184,No,291,6/10/2024 11:57,8/20/2024,60343,89,Price-Sensitive Young Fashionistas
C0599,38.0,Male,Hindu,Winter,None,High,Low,1213,6,Rural,Postgraduate,Ethnic Wear,,Floral,Silk,Traditional Media,0,Celebrities,Original Fit,Poor,Weak,207,No,277,9/25/2024 4:45,8/21/2024,49081,73,Price-Sensitive Young Fashionistas
C0600,28.0,,Muslim,Summer,Diwali,High,Medium,1661,3,Rural,Undergraduate,Western Casual,Neutral,Checks,Wool,Traditional Media,0,Celebrities,Accessories,Poor,Weak,216,No,405,11/13/2024 7:25,8/22/2024,72856,68,Price-Sensitive Young Fashionistas
C0601,54.0,Male,Christian,Rainy,None,High,,2017,4,Urban,Postgraduate,Ethnic Wear,Bright,Floral,Silk,Celebrity Trends,0,Celebrities,Men's Wear,Average,Weak,203,Yes,366,1/9/2025 21:12,8/23/2024,98858,14,Price-Sensitive Young Fashionistas
C0602,53.0,Female,Christian,Winter,,High,Low,2283,2,Urban,Undergraduate,Traditional,Pastel,Solid,Rayon,Social Media,1,Social Media,Accessories,Good,Weak,187,No,305,8/24/2024 7:30,8/24/2024,29065,98,Festival-Driven High Spenders
C0603,52.0,Female,Christian,Rainy,,High,Medium,3188,4,Urban,High School,Hijab/Abaya,Bright,Solid,Rayon,Local Culture,3,Celebrities,Men's Wear,Poor,Strong,190,No,249,10/13/2024 7:59,8/25/2024,93460,11,Seasonal Trend Followers
C0604,,,Christian,Winter,Eid,Medium,,2930,2,Rural,High School,Sarees / Salwar Kameez,Bright,Printed,Cotton,Traditional Media,1,Celebrities,Original Fit,Excellent,Moderate,201,Yes,300,12/5/2024 0:21,8/26/2024,98092,56,Festival-Driven High Spenders
C0605,37.0,Male,Christian,Winter,None,High,Low,2252,6,Rural,Postgraduate,Festive Wear,Pastel,Printed,Wool,Social Media,2,Local Trends,Women's Wear,Excellent,Moderate,163,No,228,1/16/2025 9:42,8/27/2024,64693,67,Comfort-First Traditional Buyers
C0606,35.0,Female,Muslim,Rainy,Diwali,High,Low,3037,5,Rural,Postgraduate,Traditional,,Checks,Silk,Social Media,1,Celebrities,Original Fit,Excellent,Weak,198,No,227,8/24/2024 3:12,8/28/2024,36962,92,Festival-Driven High Spenders
C0607,58.0,Male,Muslim,Winter,Eid,Medium,Low,3529,6,Urban,High School,Festive Wear,Pastel,,,E-Commerce Trends,1,Local Trends,Original Fit,Average,Strong,192,No,337,3/13/2025 23:45,8/29/2024,38295,29,Festival-Driven High Spenders
C0608,31.0,Male,Muslim,Winter,None,Medium,,2439,2,Rural,Graduate,Party Wear,Bright,Solid,Rayon,Traditional Media,3,,Original Fit,Average,Strong,164,Yes,234,8/29/2024 17:11,8/30/2024,23807,9,Seasonal Trend Followers
C0609,32.0,Female,Muslim,Rainy,None,High,High,2096,3,Urban,Undergraduate,Party Wear,Bright,,Wool,Celebrity Trends,2,Social Media,Men's Wear,Good,Weak,206,Yes,256,9/5/2024 12:03,8/31/2024,52348,67,Comfort-First Traditional Buyers
C0610,48.0,Male,Hindu,Winter,Christmas,Medium,High,2192,4,Rural,Graduate,Western Casual,Neutral,Floral,Silk,Social Media,1,,Women's Wear,Excellent,Weak,198,No,268,10/12/2024 6:33,9/1/2024,36432,25,Festival-Driven High Spenders
C0611,,Female,Muslim,Winter,None,High,Low,1507,2,Urban,Graduate,Party Wear,Dark,Checks,Wool,Social Media,0,Celebrities,Accessories,Good,Weak,199,Yes,213,6/6/2024 23:19,9/2/2024,93285,98,Price-Sensitive Young Fashionistas
C0612,20.0,Female,Christian,Winter,Eid,High,High,3085,6,Urban,Graduate,Ethnic Wear,Bright,Checks,Silk,Local Culture,3,Local Trends,Original Fit,,Moderate,182,No,268,2/10/2025 1:04,9/3/2024,67854,76,Seasonal Trend Followers
C0613,33.0,Male,Christian,Rainy,Diwali,High,Medium,2221,4,Urban,Postgraduate,Casual/Formal,Dark,Printed,,Traditional Media,2,Local Trends,Men's Wear,Excellent,Weak,192,No,336,11/4/2024 15:13,9/4/2024,50262,42,Comfort-First Traditional Buyers
C0614,40.0,Male,Muslim,Summer,Christmas,High,High,1329,4,Urban,Graduate,Party Wear,Pastel,Solid,Rayon,Social Media,2,Local Trends,Accessories,Good,Moderate,186,Yes,302,12/3/2024 10:40,9/5/2024,47080,9,Comfort-First Traditional Buyers
C0615,28.0,Male,Christian,,None,High,High,1740,4,Urban,Graduate,Western Casual,Bright,Printed,Rayon,Social Media,2,Celebrities,Original Fit,Poor,Strong,244,No,378,10/31/2024 17:50,9/6/2024,11324,79,Comfort-First Traditional Buyers
C0616,29.0,Female,Muslim,Summer,None,High,Low,2640,6,Rural,Undergraduate,Casual/Formal,Neutral,Printed,Cotton,Local Culture,1,Celebrities,Accessories,Average,Strong,207,No,344,12/3/2024 1:08,9/7/2024,45909,40,Festival-Driven High Spenders
C0617,27.0,Male,Christian,Winter,None,Medium,High,2957,6,Urban,High School,Sarees / Salwar Kameez,Neutral,Printed,Rayon,Local Culture,3,Social Media,Original Fit,Good,Moderate,218,No,289,5/6/2024 12:17,9/8/2024,99339,25,Seasonal Trend Followers
C0618,49.0,,Hindu,Summer,Eid,Medium,High,3901,3,Rural,Graduate,Traditional,Dark,Printed,Wool,Celebrity Trends,1,Celebrities,,Excellent,Moderate,208,No,281,1/19/2025 10:42,9/9/2024,29870,5,Festival-Driven High Spenders
C0619,33.0,Male,Hindu,Rainy,,Low,High,2382,5,Urban,Postgraduate,Western Casual,Pastel,Floral,,Traditional Media,3,Social Media,,Average,Moderate,230,No,396,2/1/2025 18:16,9/10/2024,44578,11,Seasonal Trend Followers
C0620,25.0,Female,Muslim,Rainy,Eid,High,High,3126,5,Urban,Postgraduate,Traditional,Dark,Floral,Rayon,Traditional Media,3,Local Trends,Women's Wear,Average,Moderate,200,No,345,5/1/2025 8:11,9/11/2024,82124,59,Seasonal Trend Followers
C0621,55.0,Male,Muslim,Winter,,Low,Medium,2555,3,Rural,Postgraduate,Ethnic Wear,Pastel,Solid,Wool,Local Culture,3,Local Trends,Women's Wear,Good,Weak,218,No,336,2/8/2025 10:54,9/12/2024,36790,98,Seasonal Trend Followers
C0622,29.0,Male,Muslim,Summer,Diwali,High,Low,3161,3,Rural,Postgraduate,Festive Wear,Neutral,Printed,Wool,E-Commerce Trends,1,Local Trends,,Poor,Strong,208,No,293,1/24/2025 10:46,9/13/2024,35289,88,Festival-Driven High Spenders
C0623,41.0,Female,,Winter,Eid,High,Low,1969,3,Rural,Graduate,Fusion Wear,Dark,Floral,Wool,Celebrity Trends,2,Social Media,Men's Wear,Good,Weak,187,No,319,12/22/2024 3:21,9/14/2024,65129,79,Comfort-First Traditional Buyers
C0624,45.0,Female,Muslim,Winter,Eid,Low,Medium,2521,4,Urban,Graduate,Western Casual,Neutral,Solid,Silk,Celebrity Trends,0,Celebrities,Women's Wear,Poor,Moderate,196,No,325,12/12/2024 11:53,9/15/2024,25485,38,Price-Sensitive Young Fashionistas
C0625,25.0,Male,Hindu,Rainy,Diwali,High,,3164,2,Urban,Postgraduate,Fusion Wear,Neutral,Printed,Cotton,E-Commerce Trends,1,,Accessories,Average,,179,No,283,9/23/2024 15:54,9/16/2024,54482,72,Festival-Driven High Spenders
C0626,45.0,Male,Christian,,Christmas,Medium,Medium,3212,2,Urban,Undergraduate,Festive Wear,Pastel,Checks,Wool,Local Culture,1,Celebrities,Women's Wear,Good,Weak,218,No,394,7/28/2024 22:09,9/17/2024,96188,5,Festival-Driven High Spenders
C0627,53.0,Male,Muslim,Summer,None,High,High,3256,7,Rural,High School,Party Wear,Dark,Floral,Silk,Celebrity Trends,3,Celebrities,Women's Wear,Excellent,Strong,203,Yes,357,4/2/2025 19:35,9/18/2024,14748,48,Seasonal Trend Followers
C0628,43.0,Female,Christian,Summer,Diwali,High,Medium,2357,7,Rural,Graduate,Festive Wear,Dark,Solid,Rayon,E-Commerce Trends,2,Local Trends,,Good,Weak,219,No,349,8/26/2024 5:30,9/19/2024,96769,90,Comfort-First Traditional Buyers
C0629,25.0,Male,Christian,Summer,None,High,Low,2685,5,Urban,Graduate,Sarees / Salwar Kameez,Neutral,,Wool,Local Culture,2,,Women's Wear,Poor,Strong,193,Yes,231,12/11/2024 9:12,9/20/2024,19435,18,Comfort-First Traditional Buyers
C0630,45.0,Female,Muslim,Winter,None,Medium,Low,1939,6,Urban,Postgraduate,Western Casual,Neutral,,Silk,Local Culture,0,Celebrities,Women's Wear,Poor,Moderate,214,No,338,6/6/2024 2:24,9/21/2024,13709,70,Price-Sensitive Young Fashionistas
C0631,45.0,Female,Christian,Winter,Diwali,Medium,Low,1841,3,Urban,High School,Fusion Wear,Pastel,Printed,Wool,Traditional Media,2,Local Trends,Accessories,Good,Weak,213,No,227,2/12/2025 17:02,9/22/2024,40355,37,Comfort-First Traditional Buyers
C0632,54.0,Female,Hindu,,Christmas,High,High,1554,4,Rural,Undergraduate,Indo-Western,,Printed,Cotton,Local Culture,2,,Women's Wear,Poor,,215,No,280,11/24/2024 14:24,9/23/2024,65771,60,Comfort-First Traditional Buyers
C0633,58.0,Male,Hindu,Winter,None,Low,High,1194,7,Rural,High School,Traditional,Bright,Floral,Cotton,E-Commerce Trends,2,Celebrities,Accessories,,,202,No,313,5/2/2025 21:27,9/24/2024,67799,48,Comfort-First Traditional Buyers
C0634,53.0,,Christian,Winter,Diwali,High,Medium,2926,3,Rural,Undergraduate,Festive Wear,Neutral,Solid,Rayon,Celebrity Trends,3,Celebrities,Women's Wear,Good,Moderate,193,No,376,7/22/2024 6:28,9/25/2024,23116,77,Seasonal Trend Followers
C0635,44.0,Female,Muslim,Rainy,,Medium,Medium,3397,6,Rural,Graduate,Traditional,Bright,Checks,Wool,E-Commerce Trends,1,Celebrities,Women's Wear,Poor,Moderate,196,No,254,2/22/2025 14:33,9/26/2024,35470,28,Festival-Driven High Spenders
C0636,34.0,Female,Christian,Rainy,Eid,High,Low,1385,6,Rural,Graduate,Western Casual,Bright,Solid,,E-Commerce Trends,0,Celebrities,Men's Wear,Good,Strong,195,No,340,7/15/2024 18:31,9/27/2024,52344,69,Price-Sensitive Young Fashionistas
C0637,26.0,Male,Hindu,,Eid,High,High,2606,4,Urban,Graduate,Festive Wear,,Floral,Rayon,Social Media,2,Social Media,Women's Wear,Good,Moderate,188,No,324,7/2/2024 19:13,9/28/2024,52918,77,Comfort-First Traditional Buyers
C0638,50.0,Female,Christian,Winter,Diwali,Medium,Medium,2414,6,Rural,Graduate,Festive Wear,Bright,Solid,Wool,Traditional Media,3,Social Media,Accessories,Excellent,Moderate,188,No,210,12/19/2024 5:21,9/29/2024,62224,81,Seasonal Trend Followers
C0639,37.0,Male,Christian,Winter,Eid,Medium,High,1464,7,Urban,Graduate,Formal Wear,Neutral,Floral,Rayon,Local Culture,0,Local Trends,Accessories,,Moderate,204,No,330,4/16/2025 8:09,9/30/2024,49298,40,Price-Sensitive Young Fashionistas
C0640,30.0,Male,Hindu,Rainy,None,Medium,High,2738,7,Rural,Undergraduate,Fusion Wear,Bright,,Silk,Traditional Media,1,Social Media,Original Fit,Excellent,Weak,205,Yes,350,3/11/2025 3:27,10/1/2024,90219,45,Festival-Driven High Spenders
C0641,45.0,Male,Christian,Rainy,Eid,Low,Low,1423,5,Urban,Graduate,Festive Wear,Bright,Checks,Rayon,Local Culture,2,Social Media,Original Fit,Poor,,195,No,362,5/20/2024 10:23,10/2/2024,71629,96,Comfort-First Traditional Buyers
C0642,46.0,Female,Christian,Rainy,Eid,High,Low,2396,6,Urban,High School,Traditional,Pastel,Printed,Rayon,Local Culture,0,Social Media,Men's Wear,Excellent,Strong,201,No,294,7/30/2024 16:57,10/3/2024,76040,62,Price-Sensitive Young Fashionistas
C0643,30.0,Male,Muslim,Winter,None,High,High,2616,2,Rural,Postgraduate,Fusion Wear,,Solid,Rayon,Social Media,1,Celebrities,Accessories,,Weak,195,No,333,11/22/2024 5:26,10/4/2024,38016,93,Festival-Driven High Spenders
C0644,52.0,,Muslim,Winter,Eid,High,High,2340,2,Rural,High School,Casual/Formal,,Printed,Wool,Local Culture,1,Celebrities,Accessories,Excellent,,203,Yes,369,3/20/2025 5:41,10/5/2024,33960,58,Festival-Driven High Spenders
C0645,23.0,Male,,,,High,High,2993,5,Urban,Postgraduate,Ethnic Wear,Dark,Checks,Silk,Local Culture,3,Local Trends,Accessories,Average,Strong,204,No,291,1/16/2025 21:49,10/6/2024,43591,67,Seasonal Trend Followers
C0646,35.0,Male,Hindu,Winter,Eid,High,High,2069,7,Rural,Graduate,Sarees / Salwar Kameez,Pastel,Printed,Cotton,Traditional Media,0,Local Trends,Men's Wear,Excellent,Moderate,214,Yes,380,1/18/2025 16:45,10/7/2024,92848,56,Price-Sensitive Young Fashionistas
C0647,22.0,Female,,Winter,,High,Low,1693,7,Rural,Undergraduate,Festive Wear,Pastel,Checks,Wool,Celebrity Trends,0,Local Trends,Accessories,,Weak,234,No,355,4/4/2025 18:42,10/8/2024,77641,40,Price-Sensitive Young Fashionistas
C0648,42.0,Female,Muslim,Winter,Eid,Low,Medium,2011,2,Rural,Undergraduate,Festive Wear,Neutral,,Cotton,E-Commerce Trends,2,Celebrities,,Excellent,Weak,186,No,351,3/26/2025 6:12,10/9/2024,46395,98,Comfort-First Traditional Buyers
C0649,19.0,Male,Hindu,Rainy,None,High,Low,1447,5,Urban,Postgraduate,Fusion Wear,Dark,Printed,Cotton,Social Media,0,Social Media,Men's Wear,Good,Weak,206,No,291,10/30/2024 14:00,10/10/2024,32700,40,Price-Sensitive Young Fashionistas
C0650,27.0,Female,Hindu,Winter,Diwali,Low,Medium,3010,4,Urban,High School,Festive Wear,Bright,Floral,Wool,Social Media,1,Social Media,Original Fit,Excellent,Moderate,189,Yes,256,2/10/2025 11:44,10/11/2024,44620,91,Festival-Driven High Spenders
C0651,47.0,Female,Hindu,Rainy,None,Medium,High,1742,5,Urban,Postgraduate,Party Wear,Pastel,Solid,Wool,Celebrity Trends,0,Celebrities,Original Fit,Average,Weak,194,No,366,1/15/2025 14:50,10/12/2024,30559,77,Price-Sensitive Young Fashionistas
C0652,22.0,Male,Muslim,,Eid,High,Medium,1793,2,Urban,Graduate,Ethnic Wear,Dark,Floral,Silk,Celebrity Trends,0,Local Trends,Men's Wear,Poor,Strong,199,No,258,10/1/2024 14:26,10/13/2024,71642,33,Price-Sensitive Young Fashionistas
C0653,50.0,Male,Christian,Summer,Eid,High,Low,1975,2,Urban,High School,Casual/Formal,Neutral,Floral,Silk,E-Commerce Trends,3,Local Trends,Women's Wear,Excellent,Moderate,191,No,229,10/8/2024 17:02,10/14/2024,86539,6,Seasonal Trend Followers
C0654,18.0,Female,Hindu,Rainy,Christmas,High,Low,1210,7,Urban,Postgraduate,Sarees / Salwar Kameez,Bright,Printed,Rayon,Local Culture,0,Local Trends,Women's Wear,Excellent,Strong,214,No,386,9/13/2024 17:07,10/15/2024,31732,88,Price-Sensitive Young Fashionistas
C0655,35.0,Female,Christian,Rainy,None,High,High,938,7,Rural,Postgraduate,Western Casual,Neutral,Solid,Cotton,Traditional Media,2,Celebrities,Original Fit,Average,Strong,192,Yes,351,11/16/2024 4:00,10/16/2024,40354,19,Comfort-First Traditional Buyers
C0656,49.0,Male,Hindu,Rainy,,High,Low,956,7,Rural,Graduate,Festive Wear,Pastel,Solid,Silk,Celebrity Trends,0,Local Trends,Women's Wear,Excellent,Weak,209,No,259,7/24/2024 8:47,10/17/2024,23843,80,Price-Sensitive Young Fashionistas
C0657,28.0,Female,,Winter,None,High,High,2382,2,Urban,High School,Casual/Formal,Dark,Floral,Rayon,E-Commerce Trends,2,Local Trends,,Good,Weak,196,No,211,1/11/2025 3:34,10/18/2024,81726,40,Comfort-First Traditional Buyers
C0658,38.0,Male,Muslim,Summer,None,Low,Low,2492,7,Rural,High School,Ethnic Wear,Dark,Printed,Silk,Social Media,3,Celebrities,Men's Wear,Excellent,Weak,185,No,358,1/4/2025 20:43,10/19/2024,27640,92,Seasonal Trend Followers
C0659,43.0,Female,Muslim,Rainy,Diwali,Medium,Low,1963,5,Urban,Graduate,Ethnic Wear,Dark,,Wool,Celebrity Trends,0,Social Media,Original Fit,Excellent,,185,Yes,269,3/21/2025 4:18,10/20/2024,62528,97,Price-Sensitive Young Fashionistas
C0660,42.0,Male,,Winter,None,Medium,High,1096,2,Urban,High School,Indo-Western,Dark,Floral,Silk,E-Commerce Trends,0,Celebrities,Accessories,Poor,Moderate,209,No,287,12/17/2024 6:18,10/21/2024,48413,59,Price-Sensitive Young Fashionistas
C0661,39.0,Male,Christian,Summer,Diwali,High,Medium,2781,2,Rural,High School,Traditional,Bright,Solid,Cotton,Traditional Media,3,Celebrities,Women's Wear,Poor,Weak,203,No,319,1/1/2025 13:15,10/22/2024,62638,59,Seasonal Trend Followers
C0662,44.0,Male,Muslim,Winter,Diwali,Medium,Low,2178,6,Urban,Graduate,Fusion Wear,,Printed,Silk,E-Commerce Trends,2,Celebrities,Accessories,Excellent,Weak,238,No,263,10/25/2024 8:33,10/23/2024,62736,48,Comfort-First Traditional Buyers
C0663,,Female,Hindu,Summer,None,Medium,Medium,3204,2,Rural,Graduate,Traditional,Neutral,Printed,Cotton,Local Culture,1,Celebrities,,Average,Strong,214,Yes,252,5/3/2025 1:56,10/24/2024,78866,41,Festival-Driven High Spenders
C0664,50.0,Female,Hindu,Winter,None,High,Low,2555,3,Urban,Undergraduate,Western Casual,Bright,Printed,,Social Media,2,Social Media,Original Fit,,Moderate,232,No,387,4/24/2025 2:09,10/25/2024,29087,13,Comfort-First Traditional Buyers
C0665,51.0,Male,Muslim,Summer,Eid,Medium,Low,2229,2,Rural,Undergraduate,Western Casual,Pastel,,Cotton,Social Media,2,Local Trends,Accessories,Excellent,Strong,188,Yes,291,5/26/2024 10:21,10/26/2024,51430,45,Comfort-First Traditional Buyers
C0666,58.0,Male,,Summer,,High,Low,1971,7,Rural,Graduate,Party Wear,Pastel,Checks,,Celebrity Trends,2,,Men's Wear,Poor,Weak,204,No,229,5/23/2024 1:31,10/27/2024,34504,89,Comfort-First Traditional Buyers
C0667,52.0,Female,Hindu,Winter,Christmas,Low,Low,2261,5,Rural,Postgraduate,Traditional,Dark,Solid,Rayon,Social Media,2,Social Media,Original Fit,Excellent,Strong,194,Yes,295,8/9/2024 14:01,10/28/2024,17114,53,Comfort-First Traditional Buyers
C0668,18.0,Male,Christian,Rainy,Christmas,High,Medium,1643,4,Rural,Graduate,Traditional,Pastel,Checks,Wool,Local Culture,2,Local Trends,Accessories,Poor,Weak,212,No,365,9/26/2024 18:58,10/29/2024,88859,42,Comfort-First Traditional Buyers
C0669,38.0,Male,Christian,Summer,None,High,Medium,1001,7,Rural,Postgraduate,Casual/Formal,,Printed,Silk,Social Media,2,Local Trends,Accessories,Poor,,215,No,327,6/10/2024 17:12,10/30/2024,20975,100,Comfort-First Traditional Buyers
C0670,,Female,Christian,Rainy,Diwali,High,Low,2459,2,Rural,High School,Fusion Wear,Bright,Floral,,Social Media,1,Local Trends,Women's Wear,Good,Strong,207,No,295,5/25/2024 0:24,10/31/2024,21023,63,Festival-Driven High Spenders
C0671,45.0,Male,Hindu,Winter,Christmas,Medium,Low,2281,3,Urban,Graduate,Ethnic Wear,Bright,Checks,Wool,Social Media,2,Celebrities,Original Fit,Excellent,Weak,205,Yes,326,7/28/2024 0:40,11/1/2024,31447,27,Comfort-First Traditional Buyers
C0672,34.0,Female,Muslim,,None,High,Medium,1239,5,Rural,High School,Indo-Western,,Printed,Silk,Local Culture,0,Celebrities,Original Fit,Excellent,Weak,203,No,282,10/23/2024 22:56,11/2/2024,33959,38,Price-Sensitive Young Fashionistas
C0673,22.0,Female,Hindu,Rainy,Christmas,High,High,2181,6,Urban,Graduate,Festive Wear,Pastel,Printed,Silk,Celebrity Trends,0,Local Trends,Original Fit,Excellent,Weak,210,No,256,12/18/2024 15:47,11/3/2024,76203,60,Price-Sensitive Young Fashionistas
C0674,48.0,Male,,Rainy,Diwali,Medium,High,3164,2,Rural,High School,Hijab/Abaya,Bright,Checks,Rayon,Traditional Media,3,Local Trends,Original Fit,Excellent,Weak,187,No,341,12/15/2024 16:17,11/4/2024,39703,7,Seasonal Trend Followers
C0675,22.0,Male,,Rainy,None,Medium,Medium,1577,3,Rural,High School,Festive Wear,,Floral,Wool,Traditional Media,2,Local Trends,Women's Wear,Poor,Strong,204,No,275,7/11/2024 0:14,11/5/2024,19337,5,Comfort-First Traditional Buyers
C0676,55.0,Male,Christian,Rainy,Diwali,High,Low,2952,6,Rural,Undergraduate,Formal Wear,,Printed,Wool,Social Media,3,Local Trends,Men's Wear,Good,Weak,188,Yes,277,1/5/2025 5:04,11/6/2024,56427,45,Seasonal Trend Followers
C0677,20.0,Female,Muslim,Summer,None,High,,1643,4,Rural,Postgraduate,Sarees / Salwar Kameez,Dark,,Silk,Celebrity Trends,0,,Original Fit,Good,,204,No,309,8/24/2024 1:03,11/7/2024,71529,58,Price-Sensitive Young Fashionistas
C0678,40.0,Female,Muslim,Summer,Christmas,Low,High,3343,4,Rural,Undergraduate,Indo-Western,Pastel,Floral,Cotton,Local Culture,3,Local Trends,Women's Wear,Average,Weak,208,Yes,307,6/28/2024 9:12,11/8/2024,94665,31,Seasonal Trend Followers
C0679,,Female,Hindu,Summer,Eid,High,High,2478,7,Rural,High School,Indo-Western,,Floral,Silk,Local Culture,3,Social Media,Men's Wear,,Strong,197,No,326,8/19/2024 10:00,11/9/2024,41921,23,Seasonal Trend Followers
C0680,54.0,Male,Christian,Winter,Christmas,High,Medium,2412,2,Rural,Undergraduate,Sarees / Salwar Kameez,,Printed,Wool,E-Commerce Trends,0,Local Trends,,Average,Strong,181,Yes,351,10/19/2024 20:24,11/10/2024,43307,42,Price-Sensitive Young Fashionistas
C0681,27.0,Female,Hindu,,,Medium,High,2046,7,Urban,High School,Indo-Western,Bright,Solid,Silk,E-Commerce Trends,2,Celebrities,Women's Wear,,Weak,210,No,258,3/18/2025 9:36,11/11/2024,37355,10,Comfort-First Traditional Buyers
C0682,27.0,Female,,Summer,Eid,Medium,Medium,3126,5,Rural,Graduate,Hijab/Abaya,Neutral,Solid,,Celebrity Trends,3,Celebrities,Original Fit,Average,Weak,190,No,317,3/24/2025 14:27,11/12/2024,14835,32,Seasonal Trend Followers
C0683,36.0,Female,Hindu,Winter,Eid,Medium,High,2133,2,Rural,Postgraduate,Ethnic Wear,Neutral,Printed,,Social Media,2,Celebrities,Men's Wear,Excellent,Weak,186,No,308,7/3/2024 0:02,11/13/2024,30159,53,Comfort-First Traditional Buyers
C0684,34.0,Female,Christian,Summer,None,High,High,997,7,Rural,Undergraduate,Sarees / Salwar Kameez,,,Silk,E-Commerce Trends,2,Local Trends,,Good,Weak,188,No,338,4/12/2025 7:37,11/14/2024,57605,30,Comfort-First Traditional Buyers
C0685,,Female,Hindu,Summer,None,High,High,2406,4,Rural,Graduate,Traditional,Dark,Printed,Rayon,Celebrity Trends,0,Celebrities,Original Fit,Good,Moderate,174,No,234,5/28/2024 2:46,11/15/2024,48088,39,Price-Sensitive Young Fashionistas
C0686,,Female,Hindu,,Diwali,Medium,,1568,3,Urban,Graduate,Hijab/Abaya,Pastel,Checks,Wool,Celebrity Trends,2,Social Media,Accessories,Excellent,Weak,173,No,226,12/26/2024 4:10,11/16/2024,88752,31,Comfort-First Traditional Buyers
C0687,26.0,Female,Hindu,Winter,,Low,Low,3300,6,Rural,Undergraduate,Fusion Wear,Dark,Solid,Silk,Local Culture,1,Local Trends,Original Fit,Poor,Weak,188,Yes,293,4/14/2025 9:45,11/17/2024,65284,82,Festival-Driven High Spenders
C0688,18.0,Male,Hindu,Rainy,Christmas,High,,2285,7,Urban,High School,Ethnic Wear,Bright,Checks,Wool,Traditional Media,2,Celebrities,Accessories,Excellent,,219,No,257,10/15/2024 14:16,11/18/2024,67043,100,Comfort-First Traditional Buyers
C0689,30.0,Male,Hindu,Rainy,Eid,High,High,3075,4,Rural,High School,Formal Wear,Dark,Printed,Rayon,E-Commerce Trends,1,Social Media,Men's Wear,Poor,Strong,201,Yes,295,9/25/2024 17:54,11/19/2024,45547,2,Festival-Driven High Spenders
C0690,21.0,Female,Hindu,Summer,Diwali,High,Medium,2213,5,Rural,High School,Formal Wear,,Printed,Wool,E-Commerce Trends,0,Social Media,Women's Wear,Good,Weak,193,No,381,8/24/2024 5:35,11/20/2024,92844,78,Price-Sensitive Young Fashionistas
C0691,18.0,Male,Christian,Rainy,Christmas,Medium,Medium,3816,2,Rural,Undergraduate,Traditional,Bright,Floral,Rayon,E-Commerce Trends,3,Celebrities,Accessories,Poor,Strong,202,No,345,9/6/2024 9:05,11/21/2024,37532,77,Seasonal Trend Followers
C0692,57.0,Female,,,Eid,Medium,Medium,1235,4,Urban,Undergraduate,Hijab/Abaya,Neutral,Floral,Rayon,Local Culture,2,Social Media,Women's Wear,Excellent,Strong,199,No,342,12/13/2024 2:22,11/22/2024,44349,93,Comfort-First Traditional Buyers
C0693,49.0,Female,Muslim,Rainy,None,Medium,Medium,2388,4,Urban,Undergraduate,Traditional,Bright,Floral,,Social Media,2,Celebrities,Men's Wear,Excellent,Strong,202,Yes,266,7/23/2024 16:15,11/23/2024,55445,12,Comfort-First Traditional Buyers
C0694,51.0,Female,Hindu,Rainy,Christmas,High,,2858,6,Rural,High School,Western Casual,Pastel,Checks,Silk,E-Commerce Trends,1,Social Media,Original Fit,Excellent,Strong,185,No,201,11/13/2024 10:54,11/24/2024,15713,39,Festival-Driven High Spenders
C0695,45.0,Male,Hindu,Rainy,None,Medium,Low,907,7,Urban,Undergraduate,Western Casual,Pastel,Floral,Wool,E-Commerce Trends,0,Local Trends,Men's Wear,Poor,Moderate,186,No,275,10/18/2024 4:09,11/25/2024,66178,66,Price-Sensitive Young Fashionistas
C0696,,Male,Christian,Summer,Diwali,High,High,2381,2,Rural,Postgraduate,Formal Wear,Pastel,Printed,Wool,Social Media,1,Local Trends,Women's Wear,Poor,Weak,178,No,308,9/10/2024 13:47,11/26/2024,59407,96,Festival-Driven High Spenders
C0697,25.0,Male,,Winter,Diwali,Medium,High,1991,3,Urban,Undergraduate,Hijab/Abaya,Pastel,Floral,,Social Media,2,Local Trends,Men's Wear,Poor,Strong,211,No,286,6/6/2024 0:24,11/27/2024,80340,13,Comfort-First Traditional Buyers
C0698,,Female,Muslim,Summer,,High,Medium,2804,4,Urban,High School,Hijab/Abaya,Pastel,Solid,Cotton,Celebrity Trends,1,Local Trends,Original Fit,Good,Weak,207,No,276,5/17/2024 4:12,11/28/2024,60990,46,Festival-Driven High Spenders
C0699,,Female,Muslim,Summer,Christmas,High,Low,2370,4,Rural,Graduate,Western Casual,Neutral,Floral,Cotton,Celebrity Trends,3,,,Average,Strong,226,Yes,303,3/5/2025 11:57,11/29/2024,85672,27,Seasonal Trend Followers
C0700,51.0,Female,Christian,Summer,None,High,Medium,2227,5,Rural,Postgraduate,Hijab/Abaya,,,Cotton,Traditional Media,0,Celebrities,Original Fit,Average,Moderate,196,No,257,11/3/2024 14:47,11/30/2024,75545,17,Price-Sensitive Young Fashionistas
C0701,,Male,Christian,Summer,Eid,Medium,High,2317,7,Rural,Postgraduate,Traditional,Dark,Solid,Wool,Traditional Media,3,Local Trends,Accessories,,Strong,202,No,222,12/13/2024 5:43,12/1/2024,94791,95,Seasonal Trend Followers
C0702,,,,Summer,Diwali,High,,2130,3,Urban,Postgraduate,Sarees / Salwar Kameez,Pastel,Solid,Rayon,Celebrity Trends,0,,,Good,Weak,201,Yes,309,12/5/2024 4:26,12/2/2024,68141,98,Price-Sensitive Young Fashionistas
C0703,18.0,Female,Christian,Winter,Diwali,Low,Medium,1857,6,Rural,High School,Fusion Wear,,Solid,Rayon,Social Media,0,Local Trends,Original Fit,Poor,Weak,177,Yes,368,11/22/2024 4:37,12/3/2024,33793,60,Price-Sensitive Young Fashionistas
C0704,22.0,Male,Muslim,Rainy,Christmas,High,High,2490,7,Rural,High School,Sarees / Salwar Kameez,Pastel,,Silk,Local Culture,0,Local Trends,,Excellent,Moderate,181,Yes,190,8/29/2024 14:22,12/4/2024,66570,64,Price-Sensitive Young Fashionistas
C0705,47.0,Female,Hindu,Summer,None,Medium,Medium,3185,3,Rural,High School,Sarees / Salwar Kameez,Neutral,,,Local Culture,1,Social Media,Men's Wear,Good,Weak,212,No,335,12/6/2024 17:35,12/5/2024,47892,88,Festival-Driven High Spenders
C0706,47.0,Male,Muslim,,Christmas,High,Low,2949,5,Urban,Undergraduate,Fusion Wear,Pastel,Floral,Wool,Local Culture,1,Local Trends,,Excellent,Weak,161,No,245,4/1/2025 8:49,12/6/2024,11015,35,Festival-Driven High Spenders
C0707,34.0,,,Winter,,High,Medium,2695,5,Rural,High School,Formal Wear,Neutral,Solid,Wool,Traditional Media,1,Local Trends,,Good,Strong,190,Yes,234,6/2/2024 9:08,12/7/2024,71813,70,Festival-Driven High Spenders
C0708,40.0,Female,Christian,Winter,None,Low,Low,2417,7,Urban,Graduate,Indo-Western,Dark,Solid,,Celebrity Trends,0,Celebrities,Accessories,Good,Weak,177,No,272,7/9/2024 7:01,12/8/2024,37712,83,Price-Sensitive Young Fashionistas
C0709,32.0,Male,Muslim,Rainy,Christmas,High,Low,2390,6,Rural,High School,Festive Wear,Dark,Solid,Silk,Local Culture,2,Social Media,Accessories,Average,Strong,202,Yes,298,8/23/2024 21:56,12/9/2024,18415,30,Comfort-First Traditional Buyers
C0710,54.0,Female,Hindu,Winter,Eid,Medium,High,3174,7,Rural,Graduate,Fusion Wear,Dark,,Cotton,E-Commerce Trends,1,Celebrities,Men's Wear,Excellent,Moderate,196,No,361,9/5/2024 18:08,12/10/2024,72292,71,Festival-Driven High Spenders
C0711,38.0,Female,Hindu,,Christmas,High,,2113,3,Urban,Postgraduate,Fusion Wear,Neutral,Printed,Rayon,E-Commerce Trends,2,Local Trends,Original Fit,Poor,Weak,204,Yes,360,9/6/2024 23:46,12/11/2024,33833,74,Comfort-First Traditional Buyers
C0712,31.0,Female,Christian,Summer,Christmas,High,High,2633,3,Rural,High School,Festive Wear,Pastel,,Wool,Social Media,3,Celebrities,Men's Wear,Average,Strong,224,No,310,3/25/2025 3:05,12/12/2024,14158,96,Seasonal Trend Followers
C0713,19.0,Male,Christian,,Diwali,High,Medium,1851,3,Rural,High School,Indo-Western,Pastel,Printed,Wool,Traditional Media,3,Celebrities,Women's Wear,Average,Weak,180,No,239,9/28/2024 21:37,12/13/2024,72680,98,Seasonal Trend Followers
C0714,28.0,Female,Christian,Rainy,Diwali,High,Medium,1943,3,Urban,Graduate,Casual/Formal,Bright,Floral,Cotton,Celebrity Trends,0,Local Trends,Women's Wear,Poor,Strong,195,No,274,2/18/2025 0:40,12/14/2024,30309,63,Price-Sensitive Young Fashionistas
C0715,56.0,Female,Muslim,,Christmas,Medium,High,1825,7,Urban,Undergraduate,Ethnic Wear,Neutral,Checks,Wool,Traditional Media,0,Social Media,Original Fit,Good,Moderate,218,No,326,7/12/2024 6:17,12/15/2024,16970,28,Price-Sensitive Young Fashionistas
C0716,55.0,Female,Hindu,Rainy,Christmas,Medium,,1061,6,Rural,Undergraduate,Party Wear,Bright,Checks,Rayon,Local Culture,2,Social Media,Accessories,Poor,Strong,213,No,220,1/2/2025 23:47,12/16/2024,82474,60,Comfort-First Traditional Buyers
C0717,51.0,Male,Christian,Winter,Diwali,High,,2635,5,Urban,Undergraduate,Fusion Wear,Dark,Floral,Silk,Local Culture,2,Celebrities,Original Fit,Excellent,Weak,176,No,322,5/3/2025 7:46,12/17/2024,96704,79,Comfort-First Traditional Buyers
C0718,55.0,,Muslim,,None,High,Medium,2232,7,Rural,Postgraduate,Sarees / Salwar Kameez,Pastel,Floral,Wool,Social Media,2,Local Trends,Original Fit,Poor,Strong,185,Yes,339,6/30/2024 4:22,12/18/2024,56540,94,Comfort-First Traditional Buyers
C0719,51.0,Female,Muslim,Winter,Christmas,High,,2753,7,Rural,High School,Sarees / Salwar Kameez,,Floral,,Social Media,1,Celebrities,Women's Wear,,Weak,194,Yes,301,12/10/2024 4:06,12/19/2024,30384,37,Festival-Driven High Spenders
C0720,35.0,Male,Muslim,Rainy,Eid,High,Low,1905,2,Rural,Undergraduate,Formal Wear,Bright,Checks,Wool,E-Commerce Trends,2,Celebrities,Women's Wear,Poor,Moderate,206,No,353,6/26/2024 8:14,12/20/2024,28017,93,Comfort-First Traditional Buyers
C0721,47.0,,Christian,Rainy,Eid,Medium,High,2050,4,Urban,Undergraduate,Festive Wear,Bright,Checks,Cotton,Traditional Media,0,Celebrities,Accessories,Good,Strong,182,Yes,229,9/7/2024 1:35,12/21/2024,85880,22,Price-Sensitive Young Fashionistas
C0722,32.0,Female,Christian,Summer,Eid,High,Medium,1688,3,Rural,Undergraduate,Party Wear,Bright,Checks,Wool,Social Media,2,Local Trends,Accessories,Good,Weak,225,Yes,366,6/13/2024 10:57,12/22/2024,18702,68,Comfort-First Traditional Buyers
C0723,44.0,Female,Hindu,Winter,Christmas,Medium,Medium,1497,5,Urban,Undergraduate,Hijab/Abaya,Pastel,Floral,,Social Media,0,Local Trends,Original Fit,Excellent,Weak,204,No,261,4/26/2025 4:57,12/23/2024,10384,20,Price-Sensitive Young Fashionistas
C0724,51.0,Female,Hindu,Winter,None,High,Low,2164,7,Rural,Graduate,Hijab/Abaya,Pastel,Floral,Silk,Celebrity Trends,3,,Men's Wear,Poor,Weak,185,No,244,12/5/2024 12:36,12/24/2024,10404,96,Seasonal Trend Followers
C0725,55.0,,Christian,Winter,None,Medium,Low,3288,5,Urban,Graduate,Indo-Western,Pastel,Solid,Cotton,E-Commerce Trends,3,Local Trends,Original Fit,,Strong,196,No,294,11/3/2024 11:23,12/25/2024,50943,100,Seasonal Trend Followers
C0726,50.0,Female,Muslim,,Diwali,High,High,895,4,Urban,Undergraduate,Sarees / Salwar Kameez,Neutral,Printed,,Social Media,2,Celebrities,Accessories,,Strong,194,Yes,361,12/30/2024 17:21,12/26/2024,57926,68,Comfort-First Traditional Buyers
C0727,41.0,Female,Muslim,,Christmas,Low,Low,2242,3,Rural,Postgraduate,Western Casual,Pastel,Solid,Silk,Social Media,0,,Men's Wear,Good,Strong,192,Yes,231,5/10/2024 19:14,12/27/2024,39189,91,Price-Sensitive Young Fashionistas
C0728,32.0,Female,Muslim,Rainy,None,Medium,,3119,5,Urban,High School,Formal Wear,Neutral,Floral,Wool,Celebrity Trends,3,Social Media,Women's Wear,,Moderate,197,No,242,12/12/2024 1:38,12/28/2024,22763,64,Seasonal Trend Followers
C0729,47.0,Male,Hindu,Winter,Christmas,Medium,Low,1741,2,Urban,Undergraduate,Western Casual,,Checks,Rayon,Social Media,2,Local Trends,Accessories,,Weak,206,Yes,284,11/17/2024 20:36,12/29/2024,28384,17,Comfort-First Traditional Buyers
C0730,59.0,Male,Muslim,Summer,Diwali,Medium,Low,2550,4,Urban,Undergraduate,Festive Wear,Bright,Floral,Cotton,E-Commerce Trends,1,,Accessories,Good,,205,Yes,311,7/30/2024 7:24,12/30/2024,70100,12,Festival-Driven High Spenders
C0731,34.0,Female,,Winter,Diwali,Low,,1114,4,Urban,High School,Festive Wear,Dark,Printed,Cotton,Local Culture,2,Social Media,Men's Wear,Excellent,Moderate,183,No,245,11/17/2024 12:38,12/31/2024,19860,22,Comfort-First Traditional Buyers
C0732,22.0,Male,Hindu,Winter,Diwali,High,Low,1921,2,Urban,Graduate,Festive Wear,Pastel,Solid,Wool,Traditional Media,0,Social Media,Accessories,Poor,Moderate,212,No,250,10/27/2024 0:17,1/1/2025,90642,17,Price-Sensitive Young Fashionistas
C0733,46.0,Female,Muslim,Rainy,Eid,Medium,Low,1444,3,Rural,Postgraduate,Ethnic Wear,Bright,Solid,Wool,Traditional Media,3,Celebrities,Accessories,Excellent,Strong,171,No,307,5/10/2024 15:14,1/2/2025,60612,10,Seasonal Trend Followers
C0734,21.0,,Muslim,,,High,High,1685,4,Urban,Undergraduate,Festive Wear,Pastel,Checks,,E-Commerce Trends,2,,Accessories,Average,Strong,183,Yes,294,1/22/2025 4:44,1/3/2025,33574,65,Comfort-First Traditional Buyers
C0735,27.0,Female,Christian,Rainy,Diwali,Medium,Low,1512,3,Urban,High School,Traditional,Neutral,Solid,Wool,Celebrity Trends,2,,,,Strong,192,Yes,288,11/29/2024 19:49,1/4/2025,33524,22,Comfort-First Traditional Buyers
C0736,34.0,Female,Christian,Rainy,Christmas,High,High,1620,7,Rural,Postgraduate,Festive Wear,Bright,Solid,Rayon,E-Commerce Trends,0,Social Media,Accessories,Average,Strong,208,No,310,1/16/2025 21:47,1/5/2025,79172,90,Price-Sensitive Young Fashionistas
C0737,,Female,Muslim,Summer,,Medium,Low,3126,3,Rural,High School,Casual/Formal,Pastel,Floral,Cotton,Celebrity Trends,3,Celebrities,Accessories,Average,Strong,214,Yes,395,10/14/2024 3:45,1/6/2025,20916,82,Seasonal Trend Followers
C0738,34.0,Female,Hindu,,,High,Low,1638,6,Rural,High School,Party Wear,Bright,Solid,Rayon,Local Culture,2,Social Media,Accessories,Good,Strong,192,No,255,12/24/2024 10:09,1/7/2025,14809,50,Comfort-First Traditional Buyers
C0739,37.0,Female,Hindu,Rainy,Diwali,Low,High,752,7,Rural,Undergraduate,Fusion Wear,Bright,Solid,Rayon,Celebrity Trends,2,Local Trends,Accessories,,,201,No,288,2/23/2025 18:08,1/8/2025,42201,14,Comfort-First Traditional Buyers
C0740,41.0,Male,,Summer,Diwali,High,Medium,1101,7,Rural,Postgraduate,Fusion Wear,Pastel,Solid,,Traditional Media,2,Celebrities,Women's Wear,Excellent,Moderate,182,No,341,6/9/2024 13:06,1/9/2025,63330,64,Comfort-First Traditional Buyers
C0741,22.0,Female,Hindu,Rainy,None,High,High,3069,2,Rural,Postgraduate,Party Wear,Bright,Checks,Rayon,Celebrity Trends,1,Local Trends,,Good,Moderate,198,No,329,2/19/2025 7:51,1/10/2025,23456,47,Festival-Driven High Spenders
C0742,51.0,Male,Hindu,Summer,Christmas,High,High,1860,6,Rural,High School,Fusion Wear,Bright,Checks,Wool,Celebrity Trends,2,Social Media,Women's Wear,,Weak,194,Yes,267,12/26/2024 20:44,1/11/2025,66397,29,Comfort-First Traditional Buyers
C0743,23.0,Female,Christian,Winter,,High,High,2047,7,Urban,Undergraduate,Indo-Western,Bright,Floral,Silk,E-Commerce Trends,0,Local Trends,Women's Wear,Average,Weak,215,No,265,8/1/2024 23:26,1/12/2025,48765,76,Price-Sensitive Young Fashionistas
C0744,19.0,Female,,Summer,None,High,Medium,3009,7,Urban,Postgraduate,Western Casual,Bright,Solid,Wool,E-Commerce Trends,1,Local Trends,Original Fit,,Strong,212,No,371,3/15/2025 3:29,1/13/2025,44816,36,Festival-Driven High Spenders
C0745,30.0,Male,Christian,Rainy,Christmas,Medium,Low,3260,2,Rural,Undergraduate,Festive Wear,Neutral,Checks,Rayon,Social Media,3,Social Media,Original Fit,Good,Moderate,197,No,248,11/26/2024 7:24,1/14/2025,55106,99,Seasonal Trend Followers
C0746,28.0,Male,Hindu,Summer,Diwali,High,High,2305,2,Urban,Undergraduate,Hijab/Abaya,Bright,Checks,Silk,Celebrity Trends,0,Local Trends,,Average,Weak,211,Yes,360,3/20/2025 16:53,1/15/2025,63932,52,Price-Sensitive Young Fashionistas
C0747,,Female,Hindu,Rainy,None,High,High,2863,7,Rural,Graduate,Western Casual,Dark,Floral,Wool,Traditional Media,3,Social Media,Women's Wear,Poor,Weak,201,Yes,243,9/30/2024 13:34,1/16/2025,27100,76,Seasonal Trend Followers
C0748,33.0,Male,Hindu,Winter,None,Medium,Medium,1318,6,Rural,Undergraduate,Indo-Western,Bright,Printed,Rayon,E-Commerce Trends,0,Celebrities,,Poor,,236,No,319,2/24/2025 17:09,1/17/2025,67091,7,Price-Sensitive Young Fashionistas
C0749,48.0,Male,,,Christmas,High,,2874,5,Rural,Postgraduate,Traditional,Pastel,Solid,Cotton,E-Commerce Trends,1,Social Media,Original Fit,Excellent,Weak,180,No,232,8/14/2024 9:43,1/18/2025,31949,29,Festival-Driven High Spenders
C0750,28.0,Female,Muslim,,None,High,Low,3080,4,Urban,Undergraduate,Formal Wear,Dark,,Cotton,Traditional Media,3,Social Media,Men's Wear,Average,Weak,198,No,265,5/9/2024 15:51,1/19/2025,80080,11,Seasonal Trend Followers
C0751,33.0,Female,,Rainy,Christmas,Medium,Medium,2631,5,Urban,Undergraduate,Ethnic Wear,Neutral,Floral,,Traditional Media,2,Celebrities,Original Fit,Excellent,Moderate,178,Yes,243,5/16/2024 9:33,1/20/2025,47744,33,Comfort-First Traditional Buyers
C0752,25.0,Female,Muslim,Rainy,Christmas,Medium,Low,1847,2,Urban,Undergraduate,Party Wear,Dark,Floral,Wool,E-Commerce Trends,2,Social Media,Women's Wear,Average,Weak,183,No,373,10/30/2024 14:50,1/21/2025,55543,6,Comfort-First Traditional Buyers
C0753,21.0,Female,Hindu,Winter,Christmas,High,Low,1255,2,Urban,Postgraduate,Casual/Formal,Dark,Floral,Cotton,E-Commerce Trends,2,,Women's Wear,Excellent,Moderate,210,No,258,12/17/2024 17:08,1/22/2025,46187,79,Comfort-First Traditional Buyers
C0754,57.0,Female,Muslim,Summer,,Medium,Medium,2544,4,Urban,High School,Hijab/Abaya,Dark,Checks,Rayon,Social Media,3,Celebrities,,Excellent,,195,No,313,12/11/2024 6:21,1/23/2025,17239,32,Seasonal Trend Followers
C0755,,Female,Christian,,None,Medium,High,1398,4,Urban,Graduate,Western Casual,Pastel,Solid,Rayon,Local Culture,2,Social Media,Accessories,Good,Moderate,198,No,294,7/9/2024 16:27,1/24/2025,24489,51,Comfort-First Traditional Buyers
C0756,42.0,Male,Hindu,Rainy,Christmas,Medium,Low,2705,4,Rural,High School,Indo-Western,Pastel,Printed,Rayon,E-Commerce Trends,3,Local Trends,Original Fit,Excellent,Weak,213,Yes,356,3/24/2025 3:38,1/25/2025,68017,75,Seasonal Trend Followers
C0757,20.0,Female,Muslim,Winter,Diwali,Medium,Low,3497,5,Rural,Postgraduate,Western Casual,Pastel,Solid,Wool,Traditional Media,3,Local Trends,Accessories,Good,Weak,208,No,394,1/31/2025 5:30,1/26/2025,71877,58,Seasonal Trend Followers
C0758,49.0,Male,,Winter,Eid,Low,Low,1581,4,Urban,High School,Hijab/Abaya,Neutral,Floral,Silk,E-Commerce Trends,0,Celebrities,Men's Wear,,Moderate,189,Yes,230,1/30/2025 17:13,1/27/2025,53125,87,Price-Sensitive Young Fashionistas
C0759,,Female,Hindu,Summer,Eid,High,Low,2348,6,Urban,Undergraduate,Festive Wear,Pastel,Floral,Silk,Traditional Media,1,Local Trends,Men's Wear,Average,Weak,198,No,364,3/18/2025 10:44,1/28/2025,59922,26,Festival-Driven High Spenders
C0760,44.0,Female,Hindu,Summer,None,Medium,Medium,2169,4,Urban,Graduate,Western Casual,Pastel,Printed,Silk,Social Media,0,Local Trends,Accessories,Poor,Moderate,207,No,328,8/16/2024 2:56,1/29/2025,42049,98,Price-Sensitive Young Fashionistas
C0761,46.0,Female,Hindu,Summer,Christmas,Medium,Medium,2929,2,Rural,Undergraduate,Festive Wear,,Solid,Silk,Local Culture,1,Social Media,Men's Wear,Average,,206,No,266,12/22/2024 18:47,1/30/2025,47131,46,Festival-Driven High Spenders
C0762,49.0,Male,Muslim,Winter,None,High,Low,2453,7,Rural,Undergraduate,Party Wear,Pastel,Floral,Silk,Local Culture,3,Celebrities,Men's Wear,,Weak,173,No,247,2/24/2025 10:32,1/31/2025,52944,98,Seasonal Trend Followers
C0763,36.0,Female,Muslim,Summer,Eid,High,High,2167,4,Urban,High School,Hijab/Abaya,Bright,Floral,Wool,Local Culture,0,Celebrities,Original Fit,Average,,183,Yes,230,7/17/2024 15:32,2/1/2025,83963,29,Price-Sensitive Young Fashionistas
C0764,38.0,Female,Christian,Summer,Christmas,Medium,Low,3172,2,Rural,High School,Western Casual,Pastel,Solid,Wool,E-Commerce Trends,3,Social Media,Men's Wear,Excellent,Weak,200,No,249,3/12/2025 2:28,2/2/2025,34285,4,Seasonal Trend Followers
C0765,22.0,Male,Muslim,Rainy,Diwali,High,High,1710,6,Rural,Graduate,Fusion Wear,Neutral,Floral,Silk,Local Culture,2,Local Trends,Women's Wear,Average,Strong,164,No,318,6/14/2024 1:09,2/3/2025,47626,81,Comfort-First Traditional Buyers
C0766,35.0,Male,Muslim,Summer,Christmas,High,Low,1450,7,Rural,Graduate,Western Casual,Neutral,Solid,Wool,Celebrity Trends,2,,Women's Wear,Average,Strong,209,Yes,305,11/13/2024 9:34,2/4/2025,52808,99,Comfort-First Traditional Buyers
C0767,45.0,Female,Hindu,Summer,Eid,Medium,High,2918,5,Rural,High School,Western Casual,Bright,,Wool,E-Commerce Trends,1,Local Trends,Original Fit,Poor,Weak,174,Yes,292,6/27/2024 11:48,2/5/2025,98464,13,Festival-Driven High Spenders
C0768,59.0,,Hindu,Winter,Diwali,Medium,Low,1254,5,Urban,High School,Western Casual,Neutral,Solid,Silk,E-Commerce Trends,0,Celebrities,Accessories,Poor,Strong,194,No,295,11/27/2024 4:54,2/6/2025,63871,39,Price-Sensitive Young Fashionistas
C0769,39.0,Female,Hindu,Winter,Christmas,High,,2712,4,Urban,High School,Ethnic Wear,Neutral,Printed,,Traditional Media,1,,Original Fit,Poor,Moderate,194,Yes,223,10/29/2024 16:38,2/7/2025,29198,15,Festival-Driven High Spenders
C0770,38.0,Male,Hindu,Rainy,Diwali,Medium,Low,2325,4,Urban,Undergraduate,Ethnic Wear,Dark,Floral,Wool,Social Media,2,,Accessories,Good,,207,No,351,10/31/2024 19:05,2/8/2025,29758,29,Comfort-First Traditional Buyers
C0771,,Male,Hindu,Summer,Diwali,Medium,Low,1198,3,Rural,Graduate,Indo-Western,Bright,Printed,Rayon,Celebrity Trends,0,Celebrities,Accessories,,Strong,185,No,292,9/13/2024 8:57,2/9/2025,25254,29,Price-Sensitive Young Fashionistas
C0772,18.0,Female,,Rainy,Eid,High,High,2380,2,Rural,Graduate,Sarees / Salwar Kameez,Dark,Floral,Wool,E-Commerce Trends,1,Local Trends,Accessories,Average,Moderate,207,No,402,1/19/2025 2:51,2/10/2025,54238,75,Festival-Driven High Spenders
C0773,22.0,Male,Hindu,Winter,Diwali,Medium,Medium,2694,7,Rural,Undergraduate,Indo-Western,Dark,Floral,Wool,E-Commerce Trends,1,Local Trends,Accessories,Average,Weak,190,Yes,274,6/18/2024 6:28,2/11/2025,11252,32,Festival-Driven High Spenders
C0774,58.0,Female,Christian,,None,High,High,3135,5,Urban,Graduate,Western Casual,Pastel,Checks,Silk,Traditional Media,3,,Accessories,Excellent,Moderate,191,No,290,5/11/2024 3:54,2/12/2025,49764,2,Seasonal Trend Followers
C0775,29.0,Male,Christian,Winter,Eid,Low,Medium,1452,6,Urban,Postgraduate,Ethnic Wear,Bright,Solid,Wool,E-Commerce Trends,0,Local Trends,Original Fit,Excellent,Strong,205,No,332,2/18/2025 11:39,2/13/2025,87709,47,Price-Sensitive Young Fashionistas
C0776,43.0,Male,Christian,Rainy,None,High,Low,2284,7,Rural,Postgraduate,Festive Wear,Pastel,Printed,Cotton,Local Culture,0,Social Media,Accessories,Average,Weak,187,Yes,282,4/12/2025 17:49,2/14/2025,47441,78,Price-Sensitive Young Fashionistas
C0777,51.0,Female,Christian,Rainy,Diwali,Medium,High,2148,5,Rural,Postgraduate,Western Casual,Pastel,Printed,Cotton,E-Commerce Trends,2,Celebrities,Men's Wear,Good,Moderate,205,No,373,11/19/2024 9:23,2/15/2025,63682,84,Comfort-First Traditional Buyers
C0778,,Female,Hindu,Summer,None,Medium,High,2461,5,Rural,Undergraduate,Casual/Formal,Dark,,Silk,Traditional Media,0,Celebrities,Men's Wear,Average,Weak,206,No,259,11/8/2024 17:48,2/16/2025,69494,22,Price-Sensitive Young Fashionistas
C0779,43.0,Female,Christian,Rainy,Christmas,Medium,High,2573,7,Rural,Graduate,Fusion Wear,Neutral,Solid,,Traditional Media,3,Celebrities,,Excellent,Strong,213,No,278,1/30/2025 4:45,2/17/2025,91317,75,Seasonal Trend Followers
C0780,44.0,Female,,Summer,Diwali,High,Medium,2362,2,Rural,Postgraduate,Casual/Formal,Bright,Checks,Rayon,Local Culture,1,Social Media,Men's Wear,Good,Moderate,203,Yes,346,11/11/2024 18:52,2/18/2025,75215,27,Festival-Driven High Spenders
C0781,26.0,Female,Christian,Summer,Christmas,High,Medium,2453,6,Rural,Undergraduate,Traditional,Neutral,Printed,Rayon,Local Culture,2,Local Trends,Women's Wear,,Weak,214,No,289,7/29/2024 17:57,2/19/2025,88587,67,Comfort-First Traditional Buyers
C0782,43.0,Male,Muslim,Summer,None,High,Low,1740,2,Rural,Postgraduate,Western Casual,Dark,Solid,Cotton,Celebrity Trends,0,Celebrities,,Excellent,Weak,181,Yes,308,8/17/2024 13:50,2/20/2025,16949,81,Price-Sensitive Young Fashionistas
C0783,39.0,Male,Christian,Summer,Christmas,High,Medium,1965,2,Urban,Graduate,Hijab/Abaya,Dark,,Rayon,Traditional Media,0,Local Trends,Original Fit,Average,Moderate,226,Yes,276,6/2/2024 8:52,2/21/2025,65393,56,Price-Sensitive Young Fashionistas
C0784,47.0,,,,Diwali,High,,2467,6,Rural,Graduate,Casual/Formal,Dark,Printed,Rayon,Social Media,1,Local Trends,,Poor,,195,No,373,4/25/2025 9:58,2/22/2025,83553,92,Festival-Driven High Spenders
C0785,34.0,,Hindu,Winter,Christmas,High,Low,2974,5,Rural,Undergraduate,Western Casual,Dark,Printed,Silk,Celebrity Trends,3,Social Media,Accessories,Average,Weak,197,No,318,5/4/2025 7:31,2/23/2025,16941,93,Seasonal Trend Followers
C0786,43.0,Female,Christian,Winter,None,Medium,,2054,3,Urban,Undergraduate,Ethnic Wear,,Checks,Rayon,E-Commerce Trends,0,Social Media,,Average,Strong,229,Yes,364,1/3/2025 14:46,2/24/2025,35934,21,Price-Sensitive Young Fashionistas
C0787,,Male,Muslim,Winter,,Medium,High,494,4,Urban,Graduate,Traditional,Dark,Printed,Cotton,E-Commerce Trends,0,Local Trends,Accessories,Excellent,Strong,181,Yes,269,6/11/2024 18:59,2/25/2025,33386,47,Price-Sensitive Young Fashionistas
C0788,18.0,Male,Hindu,,None,Medium,Low,1515,2,Urban,High School,Indo-Western,Neutral,,Cotton,Celebrity Trends,0,Celebrities,Men's Wear,Good,,220,Yes,252,12/8/2024 6:10,2/26/2025,71886,80,Price-Sensitive Young Fashionistas
C0789,25.0,Female,,Summer,,High,High,1538,5,Urban,Undergraduate,Party Wear,Pastel,Floral,Cotton,Local Culture,2,Celebrities,Women's Wear,Excellent,,191,Yes,300,7/24/2024 12:10,2/27/2025,85745,59,Comfort-First Traditional Buyers
C0790,52.0,Female,Christian,Winter,None,High,Medium,3068,5,Urban,Graduate,Fusion Wear,Neutral,Solid,Silk,Celebrity Trends,3,,Men's Wear,Average,Strong,218,Yes,307,3/25/2025 0:20,2/28/2025,93251,84,Seasonal Trend Followers
C0791,32.0,Female,Hindu,,Diwali,High,Low,1220,3,Rural,Graduate,Party Wear,Bright,Solid,Silk,Local Culture,2,Social Media,,Poor,Strong,224,Yes,266,10/8/2024 19:15,3/1/2025,63413,6,Comfort-First Traditional Buyers
C0792,39.0,Female,Hindu,Summer,Christmas,High,Low,1695,7,Urban,High School,Casual/Formal,Neutral,Checks,Wool,Traditional Media,0,,Men's Wear,Poor,Moderate,211,No,336,2/22/2025 16:49,3/2/2025,66800,19,Price-Sensitive Young Fashionistas
C0793,31.0,Female,Hindu,Winter,None,High,Low,2743,7,Rural,Undergraduate,Formal Wear,,Floral,Rayon,Traditional Media,3,Social Media,Original Fit,Poor,Strong,216,No,299,9/21/2024 18:57,3/3/2025,52318,57,Seasonal Trend Followers
C0794,43.0,Male,Hindu,Summer,Christmas,Medium,High,1908,2,Rural,Graduate,Western Casual,Neutral,Solid,Silk,Celebrity Trends,0,Social Media,Men's Wear,Excellent,Weak,212,No,356,11/4/2024 11:12,3/4/2025,80173,69,Price-Sensitive Young Fashionistas
C0795,45.0,Male,Hindu,Winter,Eid,High,Low,3233,5,Rural,Graduate,Party Wear,Pastel,,Cotton,Local Culture,1,Social Media,Original Fit,Good,Moderate,185,No,305,8/23/2024 2:29,3/5/2025,80390,3,Festival-Driven High Spenders
C0796,40.0,Male,Hindu,Winter,Christmas,Medium,,1191,2,Rural,Postgraduate,Ethnic Wear,Bright,Solid,Cotton,Celebrity Trends,2,Social Media,Accessories,Excellent,Weak,165,Yes,288,12/6/2024 3:15,3/6/2025,62329,1,Comfort-First Traditional Buyers
C0797,,Male,,Winter,,Medium,Low,1835,6,Urban,High School,Casual/Formal,Neutral,Floral,,Social Media,0,Celebrities,Men's Wear,Poor,Strong,182,No,345,2/10/2025 14:45,3/7/2025,53088,58,Price-Sensitive Young Fashionistas
C0798,41.0,Female,Christian,Summer,Christmas,High,High,2916,3,Rural,Undergraduate,Indo-Western,Pastel,Checks,Silk,E-Commerce Trends,3,,Original Fit,Average,Strong,215,No,311,4/5/2025 16:52,3/8/2025,49811,38,Seasonal Trend Followers
C0799,19.0,Female,Muslim,Rainy,Diwali,Low,,2172,7,Urban,Graduate,Formal Wear,Neutral,Printed,Silk,E-Commerce Trends,0,Social Media,Men's Wear,Good,Weak,200,No,363,10/11/2024 18:13,3/9/2025,65479,15,Price-Sensitive Young Fashionistas
C0800,43.0,Female,Hindu,,Christmas,High,,2676,4,Rural,Undergraduate,Casual/Formal,Bright,Checks,Wool,Social Media,1,,Women's Wear,Excellent,Weak,210,No,359,7/1/2024 14:26,3/10/2025,95392,34,Festival-Driven High Spenders
C0801,31.0,Male,Hindu,Winter,Diwali,High,Medium,1698,4,Rural,High School,Casual/Formal,Neutral,Solid,Cotton,Local Culture,0,Celebrities,Accessories,Excellent,Weak,204,No,301,8/23/2024 18:26,3/11/2025,97369,61,Price-Sensitive Young Fashionistas
C0802,24.0,Male,Christian,Summer,Diwali,Medium,High,2347,7,Urban,Undergraduate,Traditional,Dark,Checks,Wool,E-Commerce Trends,2,Local Trends,Original Fit,Good,Moderate,191,No,278,1/25/2025 19:35,3/12/2025,29963,35,Comfort-First Traditional Buyers
C0803,20.0,Male,,Rainy,None,High,High,690,5,Rural,Undergraduate,Hijab/Abaya,Neutral,Printed,Wool,Local Culture,2,Social Media,Women's Wear,,Strong,208,Yes,320,8/5/2024 3:47,3/13/2025,65123,64,Comfort-First Traditional Buyers
C0804,40.0,Male,Christian,Summer,Diwali,High,,2328,4,Rural,Postgraduate,Party Wear,Pastel,Checks,Rayon,Traditional Media,2,Social Media,Men's Wear,Average,Weak,206,No,270,7/22/2024 5:47,3/14/2025,83477,25,Comfort-First Traditional Buyers
C0805,35.0,Female,Muslim,Rainy,Eid,High,High,2117,3,Rural,Postgraduate,Indo-Western,Neutral,Solid,,Traditional Media,0,Social Media,Women's Wear,Good,Strong,184,No,293,1/3/2025 16:46,3/15/2025,24388,24,Price-Sensitive Young Fashionistas
C0806,,Male,Hindu,Rainy,None,Medium,Medium,2230,5,Rural,Undergraduate,Formal Wear,,Solid,Cotton,Celebrity Trends,3,Social Media,Men's Wear,,Weak,178,No,343,9/24/2024 17:14,3/16/2025,15569,12,Seasonal Trend Followers
C0807,52.0,Female,Christian,Summer,None,High,Low,1696,4,Rural,Graduate,Hijab/Abaya,Bright,Checks,Silk,Local Culture,2,Local Trends,Accessories,Poor,Strong,214,No,369,2/18/2025 5:18,3/17/2025,79836,18,Comfort-First Traditional Buyers
C0808,32.0,Male,Christian,Winter,Christmas,High,High,2941,2,Rural,High School,Party Wear,Neutral,Printed,Silk,Local Culture,3,Celebrities,Women's Wear,Poor,Moderate,202,Yes,381,4/25/2025 12:58,3/18/2025,46586,15,Seasonal Trend Followers
C0809,42.0,Male,Hindu,Rainy,Diwali,High,High,2272,6,Urban,Undergraduate,Formal Wear,Bright,Checks,Rayon,Local Culture,0,Celebrities,,Excellent,Strong,205,No,291,10/29/2024 15:39,3/19/2025,22015,80,Price-Sensitive Young Fashionistas
C0810,54.0,Male,,Summer,Diwali,Medium,Medium,2235,4,Urban,High School,Casual/Formal,,Printed,Wool,E-Commerce Trends,1,Social Media,Original Fit,Poor,Weak,194,No,257,2/28/2025 20:42,3/20/2025,55002,27,Festival-Driven High Spenders
C0811,45.0,Female,Muslim,,Eid,Low,Medium,1905,7,Rural,High School,Traditional,Neutral,Floral,Silk,Celebrity Trends,2,Social Media,,Poor,Strong,202,No,344,8/4/2024 17:38,3/21/2025,16254,72,Comfort-First Traditional Buyers
C0812,27.0,Female,Muslim,Winter,Christmas,Medium,High,892,3,Rural,Graduate,Festive Wear,Pastel,Printed,Silk,E-Commerce Trends,2,Social Media,Men's Wear,Average,Moderate,211,No,387,5/29/2024 16:47,3/22/2025,27144,60,Comfort-First Traditional Buyers
C0813,56.0,Male,Muslim,Summer,Christmas,Medium,Low,2649,3,Urban,Undergraduate,Ethnic Wear,Bright,Floral,Cotton,Social Media,1,Local Trends,Accessories,Excellent,,211,Yes,250,1/16/2025 7:06,3/23/2025,34214,46,Festival-Driven High Spenders
C0814,34.0,Male,Muslim,Summer,None,High,Low,1417,3,Urban,Postgraduate,Formal Wear,Bright,Checks,Cotton,Local Culture,2,Local Trends,Accessories,,Strong,235,No,288,2/20/2025 13:38,3/24/2025,90719,89,Comfort-First Traditional Buyers
C0815,56.0,,Hindu,Summer,,High,,1795,4,Urban,Postgraduate,Ethnic Wear,,Printed,Silk,E-Commerce Trends,0,Celebrities,,Excellent,Weak,193,No,318,5/3/2025 11:27,3/25/2025,81774,17,Price-Sensitive Young Fashionistas
C0816,39.0,Male,Christian,Winter,None,Medium,Medium,1275,4,Rural,Graduate,Ethnic Wear,,Floral,Cotton,Local Culture,0,Social Media,Women's Wear,Poor,Moderate,192,No,297,5/13/2024 5:16,3/26/2025,16090,93,Price-Sensitive Young Fashionistas
C0817,43.0,Male,Muslim,Rainy,Eid,Medium,High,3417,6,Urban,Graduate,Western Casual,Neutral,Floral,Rayon,Social Media,1,Social Media,Men's Wear,Good,Moderate,198,No,349,2/3/2025 8:18,3/27/2025,21637,53,Festival-Driven High Spenders
C0818,42.0,Female,Hindu,Summer,Eid,High,High,2613,6,Urban,High School,Hijab/Abaya,Neutral,Floral,Silk,Social Media,1,Social Media,Men's Wear,Excellent,Strong,220,No,367,10/29/2024 17:26,3/28/2025,32415,8,Festival-Driven High Spenders
C0819,34.0,Female,,Rainy,None,High,,2446,2,Rural,High School,Ethnic Wear,Neutral,Solid,Cotton,Social Media,2,Social Media,,Excellent,Moderate,195,No,323,6/4/2024 8:02,3/29/2025,34071,79,Comfort-First Traditional Buyers
C0820,30.0,Male,Christian,Rainy,Christmas,High,High,2385,6,Rural,High School,Indo-Western,Dark,Checks,Rayon,Celebrity Trends,3,Local Trends,Original Fit,Excellent,Moderate,208,Yes,307,7/5/2024 8:56,3/30/2025,68243,27,Seasonal Trend Followers
C0821,37.0,,Hindu,Winter,Eid,High,High,2751,2,Rural,Graduate,Indo-Western,Neutral,Floral,Cotton,Local Culture,1,Celebrities,Accessories,Excellent,Weak,205,No,253,4/1/2025 3:13,3/31/2025,51240,46,Festival-Driven High Spenders
C0822,42.0,Female,Hindu,Summer,Christmas,Medium,High,1517,6,Rural,Undergraduate,Casual/Formal,Pastel,Printed,,Celebrity Trends,0,Celebrities,Accessories,Average,Weak,213,No,318,7/11/2024 18:17,4/1/2025,93807,50,Price-Sensitive Young Fashionistas
C0823,21.0,Male,Muslim,Rainy,Christmas,High,Medium,1801,3,Rural,Postgraduate,Hijab/Abaya,Bright,Floral,Cotton,Local Culture,2,Local Trends,Women's Wear,Excellent,Weak,204,No,331,11/21/2024 3:03,4/2/2025,43434,71,Comfort-First Traditional Buyers
C0824,27.0,Female,Christian,Summer,Diwali,Medium,Low,3033,6,Rural,Undergraduate,Sarees / Salwar Kameez,Pastel,Solid,Silk,Social Media,1,Social Media,Original Fit,Poor,Strong,206,No,283,2/19/2025 13:05,4/3/2025,79724,3,Festival-Driven High Spenders
C0825,20.0,Female,Christian,Summer,None,Medium,Low,1019,7,Urban,Graduate,Ethnic Wear,Pastel,Checks,Wool,Local Culture,2,Celebrities,Women's Wear,Poor,Moderate,203,No,343,12/17/2024 7:30,4/4/2025,85697,93,Comfort-First Traditional Buyers
C0826,58.0,Male,Hindu,Winter,Diwali,High,Medium,836,5,Urban,Undergraduate,Traditional,Dark,Solid,Cotton,Traditional Media,0,Celebrities,Original Fit,Average,Strong,202,Yes,305,11/29/2024 20:13,4/5/2025,38732,64,Price-Sensitive Young Fashionistas
C0827,35.0,Male,Christian,,None,High,,2839,3,Rural,High School,Fusion Wear,Neutral,Solid,Rayon,Social Media,1,Local Trends,Men's Wear,Good,Moderate,207,No,325,5/4/2025 10:15,4/6/2025,21314,44,Festival-Driven High Spenders
C0828,53.0,Male,Muslim,Summer,None,Medium,High,3822,4,Urban,Undergraduate,Sarees / Salwar Kameez,Bright,,,E-Commerce Trends,3,Social Media,Original Fit,Good,Moderate,190,Yes,256,11/18/2024 13:44,4/7/2025,33954,53,Seasonal Trend Followers
C0829,,Female,Christian,Rainy,Christmas,High,Low,2440,3,Rural,Postgraduate,Sarees / Salwar Kameez,Pastel,,Silk,E-Commerce Trends,0,,Original Fit,Poor,Moderate,200,No,284,5/6/2025 2:12,4/8/2025,67108,24,Price-Sensitive Young Fashionistas
C0830,51.0,,Hindu,Winter,None,High,High,2716,4,Urban,Graduate,Party Wear,Neutral,Checks,Rayon,Local Culture,2,Social Media,,,Weak,171,Yes,309,3/10/2025 20:50,4/9/2025,97044,60,Comfort-First Traditional Buyers
C0831,25.0,Female,Hindu,Summer,Christmas,Medium,,1594,2,Urban,Graduate,Traditional,Neutral,Checks,,Celebrity Trends,0,Celebrities,Original Fit,Average,Strong,213,No,380,8/26/2024 16:20,4/10/2025,97505,3,Price-Sensitive Young Fashionistas
C0832,57.0,Female,Muslim,Rainy,Christmas,High,Medium,1551,6,Rural,Undergraduate,Fusion Wear,Dark,Printed,Wool,Local Culture,2,Local Trends,Women's Wear,Good,Strong,213,No,320,8/17/2024 3:16,4/11/2025,46668,20,Comfort-First Traditional Buyers
C0833,36.0,Male,Muslim,Winter,None,Medium,Low,2644,7,Rural,Postgraduate,Festive Wear,Dark,Checks,Cotton,Local Culture,2,Social Media,Accessories,Good,Moderate,198,Yes,235,5/26/2024 9:32,4/12/2025,33061,46,Comfort-First Traditional Buyers
C0834,59.0,Female,Christian,,Christmas,Low,Low,3082,7,Urban,High School,Formal Wear,Dark,Solid,Rayon,Social Media,1,Local Trends,,Excellent,Strong,193,No,204,10/8/2024 6:45,4/13/2025,89252,15,Festival-Driven High Spenders
C0835,58.0,Male,Christian,,Christmas,High,Low,1787,7,Rural,Graduate,Ethnic Wear,,Checks,Silk,Traditional Media,0,Celebrities,Women's Wear,Excellent,Weak,177,No,296,1/26/2025 5:16,4/14/2025,49749,25,Price-Sensitive Young Fashionistas
C0836,54.0,Female,,Rainy,Christmas,High,Medium,3496,3,Rural,Postgraduate,Indo-Western,Pastel,,Wool,Social Media,1,Local Trends,Men's Wear,Excellent,Strong,204,Yes,231,4/8/2025 5:40,4/15/2025,26907,94,Festival-Driven High Spenders
C0837,23.0,Female,Muslim,Rainy,Eid,Medium,Low,1798,3,Rural,Graduate,Ethnic Wear,Dark,Solid,Silk,Local Culture,2,Local Trends,Original Fit,,Moderate,206,No,279,11/15/2024 22:07,4/16/2025,28777,78,Comfort-First Traditional Buyers
C0838,43.0,Male,Muslim,Rainy,Christmas,High,Medium,1072,4,Rural,Graduate,Sarees / Salwar Kameez,Dark,Printed,Rayon,E-Commerce Trends,2,Local Trends,Women's Wear,Poor,Weak,206,No,291,2/18/2025 5:26,4/17/2025,61745,71,Comfort-First Traditional Buyers
C0839,51.0,,Muslim,Rainy,,High,High,1396,2,Urban,Postgraduate,Indo-Western,Dark,Floral,Cotton,Celebrity Trends,0,Celebrities,Accessories,Average,,180,No,287,7/31/2024 5:52,4/18/2025,91818,17,Price-Sensitive Young Fashionistas
C0840,23.0,Male,Christian,Summer,Eid,Medium,Low,1465,6,Rural,Postgraduate,Indo-Western,Pastel,Solid,Wool,Traditional Media,0,Social Media,Accessories,Good,Moderate,216,Yes,255,10/13/2024 15:12,4/19/2025,33624,84,Price-Sensitive Young Fashionistas
C0841,54.0,,Muslim,Summer,Christmas,High,Medium,1247,5,Urban,Undergraduate,Indo-Western,Pastel,Solid,Silk,Social Media,0,Local Trends,Women's Wear,Poor,Strong,203,Yes,250,2/1/2025 13:29,4/20/2025,33321,100,Price-Sensitive Young Fashionistas
C0842,50.0,,Hindu,Winter,Christmas,Medium,,3559,6,Urban,Graduate,Party Wear,Dark,Checks,Silk,Social Media,1,Social Media,Accessories,Excellent,Moderate,185,Yes,314,5/8/2024 9:04,4/21/2025,20488,9,Festival-Driven High Spenders
C0843,,Male,Hindu,Summer,Eid,High,Low,3162,6,Rural,High School,Sarees / Salwar Kameez,Dark,Solid,Silk,Local Culture,1,Celebrities,,Average,Strong,193,Yes,288,2/10/2025 6:33,4/22/2025,32574,38,Festival-Driven High Spenders
C0844,38.0,Female,Christian,Summer,Eid,Low,High,1470,4,Urban,Graduate,Sarees / Salwar Kameez,Neutral,Printed,Cotton,Traditional Media,2,Social Media,Accessories,Average,Strong,190,Yes,381,9/16/2024 3:26,4/23/2025,15240,48,Comfort-First Traditional Buyers
C0845,23.0,Male,Christian,Summer,Christmas,High,Medium,3568,3,Rural,Undergraduate,Fusion Wear,Dark,Checks,Wool,Celebrity Trends,1,,Women's Wear,Excellent,Weak,190,No,363,7/13/2024 22:23,4/24/2025,53221,60,Festival-Driven High Spenders
C0846,23.0,Male,Muslim,Rainy,Christmas,Medium,Low,1685,2,Urban,Graduate,Party Wear,Bright,Floral,Cotton,Traditional Media,0,Local Trends,Original Fit,Average,Moderate,219,No,311,5/24/2024 17:08,4/25/2025,20478,63,Price-Sensitive Young Fashionistas
C0847,21.0,Female,Christian,Winter,None,High,High,1571,2,Urban,Undergraduate,Fusion Wear,Bright,Printed,Cotton,Local Culture,0,Local Trends,Original Fit,,Weak,186,No,224,5/20/2024 1:16,4/26/2025,65645,86,Price-Sensitive Young Fashionistas
C0848,47.0,Male,Hindu,Winter,Eid,Medium,Medium,1148,2,Urban,Graduate,Formal Wear,Dark,Floral,Cotton,Social Media,0,Local Trends,Original Fit,Good,Moderate,198,No,325,5/11/2024 14:30,4/27/2025,29262,2,Price-Sensitive Young Fashionistas
C0849,28.0,Female,,,Eid,Medium,Medium,1390,7,Rural,High School,Indo-Western,,Floral,Rayon,Local Culture,2,Local Trends,Original Fit,,Moderate,182,Yes,220,3/4/2025 11:07,4/28/2025,62796,88,Comfort-First Traditional Buyers
C0850,47.0,Female,Hindu,Winter,None,High,High,2807,6,Rural,High School,Formal Wear,Neutral,Floral,Rayon,E-Commerce Trends,0,Local Trends,Accessories,Good,Weak,210,Yes,279,1/29/2025 18:15,4/29/2025,14432,72,Price-Sensitive Young Fashionistas
C0851,48.0,Female,Muslim,,Eid,High,High,2414,4,Rural,High School,Traditional,Pastel,Solid,Rayon,E-Commerce Trends,2,Celebrities,Men's Wear,Good,Moderate,197,No,321,10/13/2024 2:39,4/30/2025,74291,11,Comfort-First Traditional Buyers
C0852,41.0,Male,Christian,Summer,Diwali,High,Low,1500,4,Urban,High School,Party Wear,Dark,Printed,Wool,Celebrity Trends,3,Celebrities,Women's Wear,Excellent,Moderate,212,Yes,386,3/10/2025 22:25,5/1/2025,89104,64,Seasonal Trend Followers
C0853,,Male,Muslim,Rainy,Eid,Medium,Low,2566,7,Urban,High School,Traditional,Bright,Printed,Cotton,E-Commerce Trends,2,,Men's Wear,Average,Strong,204,No,260,4/1/2025 17:52,5/2/2025,69399,77,Comfort-First Traditional Buyers
C0854,20.0,Male,Muslim,Winter,,Medium,Medium,1409,3,Rural,Graduate,Indo-Western,Neutral,Solid,Cotton,Local Culture,2,Social Media,Accessories,Good,Moderate,211,No,257,4/11/2025 17:13,5/3/2025,89714,81,Comfort-First Traditional Buyers
C0855,48.0,Female,Hindu,Summer,Diwali,Medium,High,654,6,Rural,Graduate,Formal Wear,Pastel,Checks,Rayon,Traditional Media,2,Social Media,Accessories,Good,Moderate,235,No,276,6/2/2024 10:12,5/4/2025,60428,72,Comfort-First Traditional Buyers
C0856,,Male,Hindu,Summer,Christmas,Medium,High,2526,7,Urban,Graduate,Ethnic Wear,Pastel,Floral,Cotton,Local Culture,1,Celebrities,,Good,Weak,170,No,247,3/15/2025 10:33,5/5/2025,97731,21,Festival-Driven High Spenders
C0857,54.0,Male,,Rainy,None,High,High,2902,7,Urban,Undergraduate,Casual/Formal,Dark,,Cotton,Local Culture,3,Social Media,Men's Wear,Average,Weak,190,No,302,4/12/2025 6:01,5/6/2025,10302,18,Seasonal Trend Followers
C0858,53.0,Female,Christian,Rainy,None,Medium,Medium,1079,6,Rural,Postgraduate,Festive Wear,Neutral,Solid,,Local Culture,0,,Accessories,Average,Moderate,222,No,361,11/29/2024 15:26,5/7/2025,92558,94,Price-Sensitive Young Fashionistas
C0859,41.0,Female,Christian,Rainy,Christmas,Medium,High,1675,7,Urban,Graduate,Indo-Western,Bright,Floral,Cotton,Celebrity Trends,0,,Accessories,Excellent,Strong,190,No,261,7/15/2024 6:22,5/8/2025,10055,64,Price-Sensitive Young Fashionistas
C0860,48.0,Male,Hindu,Summer,,Low,High,1752,3,Rural,High School,Western Casual,Dark,Checks,,Local Culture,2,Local Trends,Women's Wear,Good,Strong,198,No,269,11/30/2024 17:56,5/9/2025,18717,82,Comfort-First Traditional Buyers
C0861,23.0,Male,Christian,Summer,Eid,High,Medium,1196,5,Rural,Postgraduate,Traditional,Neutral,Checks,Cotton,Social Media,2,Social Media,Original Fit,Poor,,173,No,231,7/6/2024 6:40,5/10/2025,38699,95,Comfort-First Traditional Buyers
C0862,,Female,Hindu,Rainy,Christmas,High,Low,3403,5,Rural,Undergraduate,Party Wear,Pastel,Floral,Wool,Celebrity Trends,3,Social Media,Original Fit,Average,Moderate,159,No,307,7/8/2024 14:58,5/11/2025,83686,38,Seasonal Trend Followers
C0863,37.0,Male,Christian,Winter,None,Low,Low,3500,3,Rural,High School,Hijab/Abaya,Dark,Checks,Rayon,Celebrity Trends,1,Celebrities,Women's Wear,Excellent,,222,No,252,6/25/2024 12:13,5/12/2025,77661,32,Festival-Driven High Spenders
C0864,,,Muslim,Rainy,,High,Medium,3067,3,Rural,Undergraduate,Traditional,Pastel,Printed,Silk,Local Culture,3,Social Media,Men's Wear,Good,Strong,201,No,280,8/23/2024 16:18,5/13/2025,54247,11,Seasonal Trend Followers
C0865,28.0,Female,Hindu,Rainy,Christmas,Medium,High,1505,5,Urban,Undergraduate,Party Wear,Pastel,Printed,Rayon,Local Culture,0,Local Trends,Accessories,Poor,,194,No,282,10/7/2024 8:39,5/14/2025,26748,45,Price-Sensitive Young Fashionistas
C0866,,Male,Hindu,Rainy,Christmas,High,Medium,1331,4,Urban,Postgraduate,Festive Wear,Dark,Printed,Silk,Celebrity Trends,2,Social Media,Men's Wear,,Strong,228,No,361,10/19/2024 23:37,5/15/2025,14621,89,Comfort-First Traditional Buyers
C0867,32.0,Female,Muslim,Rainy,Diwali,High,Low,1486,7,Rural,Graduate,Indo-Western,Dark,Checks,Silk,Celebrity Trends,0,Celebrities,Original Fit,Poor,Weak,197,Yes,293,4/9/2025 3:23,5/16/2025,25034,33,Price-Sensitive Young Fashionistas
C0868,23.0,Male,Hindu,Summer,None,High,Low,1310,7,Urban,High School,Hijab/Abaya,Dark,Printed,Silk,Celebrity Trends,0,,Original Fit,Average,Moderate,189,No,227,7/21/2024 3:14,5/17/2025,15126,41,Price-Sensitive Young Fashionistas
C0869,47.0,Male,Christian,Winter,Diwali,Medium,Medium,1473,6,Rural,Graduate,Indo-Western,,,Wool,E-Commerce Trends,0,Local Trends,,Excellent,,186,No,282,4/20/2025 11:18,5/18/2025,15122,8,Price-Sensitive Young Fashionistas
C0870,55.0,Female,Christian,Rainy,None,Medium,Medium,2320,4,Urban,Undergraduate,Traditional,,Printed,,Celebrity Trends,0,Local Trends,,Poor,Moderate,198,No,286,11/13/2024 19:04,5/19/2025,28030,11,Price-Sensitive Young Fashionistas
C0871,19.0,,,,Eid,High,Low,1888,4,Rural,Undergraduate,Formal Wear,Pastel,Printed,Silk,E-Commerce Trends,2,Local Trends,Accessories,Good,Weak,204,Yes,336,10/10/2024 9:26,5/20/2025,92838,86,Comfort-First Traditional Buyers
C0872,32.0,Female,Christian,Winter,Eid,High,Medium,1854,7,Rural,Graduate,Sarees / Salwar Kameez,,Checks,Wool,Social Media,2,Social Media,Women's Wear,Good,,180,No,239,9/20/2024 20:56,5/21/2025,94717,51,Comfort-First Traditional Buyers
C0873,28.0,Female,Hindu,,Eid,High,Low,1659,2,Urban,High School,Sarees / Salwar Kameez,Bright,Printed,Silk,E-Commerce Trends,0,Celebrities,Men's Wear,Average,Strong,188,No,285,12/13/2024 15:58,5/22/2025,65658,88,Price-Sensitive Young Fashionistas
C0874,25.0,Male,Muslim,Rainy,None,High,Medium,3145,3,Urban,High School,Indo-Western,Dark,,Cotton,Traditional Media,1,Social Media,Accessories,Good,Strong,217,No,238,3/31/2025 2:47,5/23/2025,48638,41,Festival-Driven High Spenders
C0875,43.0,Male,Hindu,,Christmas,Medium,Medium,1496,4,Urban,Postgraduate,Casual/Formal,Pastel,Solid,Silk,Local Culture,2,Social Media,Accessories,Poor,Strong,201,No,266,6/9/2024 21:50,5/24/2025,77067,17,Comfort-First Traditional Buyers
C0876,22.0,,Muslim,Rainy,Christmas,Low,Medium,1853,2,Rural,Postgraduate,Indo-Western,Bright,Checks,,Celebrity Trends,2,Local Trends,Original Fit,Excellent,Weak,218,No,281,10/2/2024 7:09,5/25/2025,98869,76,Comfort-First Traditional Buyers
C0877,23.0,Male,Christian,Winter,Diwali,Low,Low,910,6,Rural,Postgraduate,Fusion Wear,,Solid,Cotton,E-Commerce Trends,2,,Accessories,Average,Strong,173,No,282,5/16/2024 17:46,5/26/2025,44674,46,Comfort-First Traditional Buyers
C0878,43.0,Male,Muslim,Winter,,High,Medium,2375,3,Urban,High School,Hijab/Abaya,Bright,Floral,Wool,Celebrity Trends,1,Local Trends,Men's Wear,Poor,Moderate,202,No,298,6/1/2024 5:24,5/27/2025,45854,32,Festival-Driven High Spenders
C0879,21.0,Male,Christian,Summer,Eid,Medium,Low,3331,2,Urban,Postgraduate,Casual/Formal,,Checks,Cotton,Traditional Media,3,Social Media,Accessories,Average,,198,Yes,350,7/7/2024 13:40,5/28/2025,56271,79,Seasonal Trend Followers
C0880,36.0,Male,Hindu,Rainy,Diwali,Medium,Low,1572,6,Rural,Postgraduate,Hijab/Abaya,Dark,Checks,Cotton,Social Media,2,Social Media,Women's Wear,Excellent,Moderate,217,No,362,2/20/2025 3:35,5/29/2025,83688,80,Comfort-First Traditional Buyers
C0881,37.0,Male,Christian,Winter,None,Medium,Medium,3073,3,Urban,Graduate,Ethnic Wear,Dark,Printed,Rayon,Celebrity Trends,1,Local Trends,Accessories,Average,Weak,198,Yes,275,11/27/2024 8:22,5/30/2025,48518,54,Festival-Driven High Spenders
C0882,,Female,Hindu,Summer,None,Medium,,2608,7,Rural,Graduate,Western Casual,Dark,Solid,Rayon,Local Culture,0,Social Media,Accessories,Good,Moderate,206,No,305,5/7/2024 0:48,5/31/2025,20267,86,Price-Sensitive Young Fashionistas
C0883,37.0,Female,Hindu,Winter,Diwali,Medium,Low,1327,7,Rural,High School,Ethnic Wear,Neutral,Floral,Rayon,Traditional Media,2,Social Media,Women's Wear,Good,Moderate,172,Yes,229,1/4/2025 6:06,6/1/2025,11062,92,Comfort-First Traditional Buyers
C0884,29.0,Male,Muslim,Summer,,Medium,Low,1644,2,Rural,Graduate,Indo-Western,Neutral,,Cotton,Celebrity Trends,2,Local Trends,,Average,Weak,214,Yes,268,2/7/2025 19:34,6/2/2025,60448,20,Comfort-First Traditional Buyers
C0885,18.0,,Muslim,,Diwali,High,High,2366,6,Urban,Postgraduate,Party Wear,Neutral,Checks,Silk,Social Media,1,Social Media,Accessories,Excellent,Weak,186,Yes,228,2/24/2025 20:05,6/3/2025,16229,33,Festival-Driven High Spenders
C0886,43.0,Female,Muslim,Rainy,Diwali,High,Low,2716,5,Rural,Postgraduate,Casual/Formal,Pastel,Printed,Wool,Social Media,1,Celebrities,Original Fit,Excellent,,184,Yes,306,9/17/2024 19:57,6/4/2025,66793,74,Festival-Driven High Spenders
C0887,31.0,Male,Muslim,Winter,Eid,High,High,1874,2,Urban,Postgraduate,Traditional,Bright,,Wool,Social Media,2,Local Trends,Men's Wear,Good,Strong,211,No,304,9/7/2024 0:27,6/5/2025,57915,40,Comfort-First Traditional Buyers
C0888,55.0,,Christian,Rainy,Eid,High,High,3281,5,Urban,Undergraduate,Formal Wear,,Checks,Wool,Local Culture,1,Celebrities,Original Fit,Excellent,Moderate,187,No,320,1/21/2025 9:44,6/6/2025,14632,32,Festival-Driven High Spenders
C0889,54.0,Female,Christian,Winter,Diwali,Low,High,2050,7,Rural,Undergraduate,Casual/Formal,Pastel,Checks,Rayon,Local Culture,0,Social Media,Men's Wear,Average,Moderate,219,No,338,8/5/2024 14:52,6/7/2025,13596,97,Price-Sensitive Young Fashionistas
C0890,28.0,Female,Christian,Rainy,None,High,Medium,3830,6,Rural,Postgraduate,Formal Wear,,Checks,Cotton,Celebrity Trends,3,Social Media,Women's Wear,,,188,Yes,261,6/4/2024 11:55,6/8/2025,16168,2,Seasonal Trend Followers
C0891,53.0,Male,,Winter,Eid,Medium,Medium,2701,2,Rural,Postgraduate,Formal Wear,Dark,Floral,Rayon,Local Culture,0,Local Trends,Women's Wear,Average,Weak,153,Yes,321,8/5/2024 20:18,6/9/2025,17561,97,Price-Sensitive Young Fashionistas
C0892,30.0,Female,Christian,Rainy,None,Medium,Low,2055,6,Rural,High School,Sarees / Salwar Kameez,Dark,Floral,Silk,Traditional Media,0,Social Media,Women's Wear,Good,Weak,198,Yes,356,1/3/2025 18:24,6/10/2025,83794,33,Price-Sensitive Young Fashionistas
C0893,20.0,Male,Christian,,Christmas,High,,1259,5,Rural,High School,Sarees / Salwar Kameez,Neutral,Checks,Cotton,Local Culture,2,Local Trends,Men's Wear,Good,,201,Yes,313,6/2/2024 16:56,6/11/2025,92152,77,Comfort-First Traditional Buyers
C0894,,Female,Christian,,,Medium,Medium,1937,2,Rural,Graduate,Casual/Formal,Neutral,Checks,Wool,Social Media,2,Local Trends,,Good,Moderate,179,No,289,3/27/2025 16:02,6/12/2025,36734,30,Comfort-First Traditional Buyers
C0895,23.0,Female,Muslim,Winter,Diwali,High,Medium,1731,3,Urban,Postgraduate,Traditional,Pastel,Printed,Rayon,Social Media,2,Local Trends,Men's Wear,Excellent,Strong,215,Yes,349,5/6/2025 13:31,6/13/2025,16371,33,Comfort-First Traditional Buyers
C0896,27.0,Female,Christian,Summer,Christmas,Medium,Medium,1816,4,Urban,Undergraduate,Sarees / Salwar Kameez,Neutral,Checks,Rayon,Social Media,2,Local Trends,Women's Wear,Average,Weak,187,No,345,7/2/2024 10:32,6/14/2025,36069,77,Comfort-First Traditional Buyers
C0897,22.0,Female,Hindu,Rainy,Eid,High,Medium,3536,2,Urban,High School,Festive Wear,Bright,Floral,Silk,Local Culture,1,Local Trends,,Poor,,191,Yes,369,12/18/2024 15:11,6/15/2025,89905,26,Festival-Driven High Spenders
C0898,40.0,Female,Muslim,Winter,Eid,Low,Medium,3734,2,Urban,High School,Traditional,Pastel,Solid,,Traditional Media,1,Celebrities,Accessories,Average,Weak,203,Yes,358,2/8/2025 15:09,6/16/2025,22910,22,Festival-Driven High Spenders
C0899,27.0,Male,Hindu,,Christmas,High,High,2167,5,Urban,Graduate,Festive Wear,Pastel,Floral,Rayon,Social Media,0,Local Trends,Original Fit,Poor,Strong,213,No,296,7/17/2024 5:29,6/17/2025,83479,66,Price-Sensitive Young Fashionistas
C0900,19.0,Male,Christian,Rainy,None,High,High,3368,6,Urban,Undergraduate,Western Casual,Bright,Printed,Silk,Traditional Media,3,,Women's Wear,Average,Weak,224,No,335,8/15/2024 7:53,6/18/2025,87735,38,Seasonal Trend Followers
C0901,30.0,Female,,Summer,Eid,Low,,2391,4,Rural,Graduate,Traditional,Dark,Floral,Wool,Traditional Media,2,Social Media,Original Fit,Good,Moderate,184,Yes,338,12/22/2024 23:50,6/19/2025,91264,90,Comfort-First Traditional Buyers
C0902,57.0,Male,Hindu,Rainy,Diwali,Medium,High,986,6,Rural,High School,Hijab/Abaya,,Solid,,Traditional Media,2,Local Trends,Accessories,Poor,Strong,213,Yes,277,5/18/2024 23:16,6/20/2025,33275,46,Comfort-First Traditional Buyers
C0903,19.0,Male,Christian,Rainy,Christmas,High,Low,2255,2,Urban,Undergraduate,Festive Wear,Bright,Checks,Silk,Celebrity Trends,2,Social Media,Men's Wear,Average,Weak,217,No,286,7/29/2024 11:56,6/21/2025,82274,15,Comfort-First Traditional Buyers
C0904,37.0,Male,Hindu,,Diwali,Medium,High,999,7,Rural,High School,Fusion Wear,Bright,Solid,Rayon,E-Commerce Trends,0,Local Trends,,Excellent,Strong,182,Yes,340,1/5/2025 19:47,6/22/2025,91449,98,Price-Sensitive Young Fashionistas
C0905,18.0,Male,Hindu,Winter,Christmas,High,,2687,5,Rural,Graduate,Festive Wear,Neutral,Checks,Rayon,Traditional Media,1,Celebrities,,Excellent,Strong,206,Yes,292,3/6/2025 20:42,6/23/2025,70004,44,Festival-Driven High Spenders
C0906,54.0,Female,Hindu,,,Medium,High,2692,4,Urban,Graduate,Fusion Wear,Pastel,Checks,Cotton,Celebrity Trends,1,,Accessories,Average,Weak,198,No,314,7/14/2024 8:56,6/24/2025,72981,49,Festival-Driven High Spenders
C0907,26.0,Female,Christian,,None,High,Low,2750,4,Urban,Graduate,Traditional,Neutral,Floral,,Celebrity Trends,3,Celebrities,Original Fit,Good,Weak,176,No,287,5/18/2024 1:58,6/25/2025,94659,75,Seasonal Trend Followers
C0908,,Female,,Rainy,Christmas,High,Medium,1631,6,Urban,Postgraduate,Casual/Formal,,Floral,Rayon,Traditional Media,2,Social Media,Women's Wear,Poor,Strong,214,No,362,3/14/2025 11:16,6/26/2025,64553,61,Comfort-First Traditional Buyers
C0909,26.0,Female,Hindu,Winter,Christmas,Low,High,1660,4,Rural,High School,Hijab/Abaya,Neutral,Floral,Silk,Celebrity Trends,0,Local Trends,Original Fit,Average,Strong,206,No,273,6/1/2024 6:10,6/27/2025,58447,67,Price-Sensitive Young Fashionistas
C0910,,Female,Muslim,Rainy,Diwali,High,High,1871,5,Rural,High School,Sarees / Salwar Kameez,Bright,Printed,Silk,Social Media,0,Social Media,,Excellent,Weak,219,No,286,3/28/2025 8:18,6/28/2025,44529,6,Price-Sensitive Young Fashionistas
C0911,32.0,,Muslim,Winter,Eid,Low,High,2205,2,Urban,High School,Indo-Western,Neutral,Floral,,Local Culture,0,Celebrities,Men's Wear,Poor,,184,No,314,9/26/2024 1:03,6/29/2025,85703,9,Price-Sensitive Young Fashionistas
C0912,41.0,Female,Christian,Winter,Diwali,High,Medium,1687,7,Urban,High School,Ethnic Wear,Neutral,Printed,Cotton,Celebrity Trends,2,,,Excellent,Strong,202,No,369,1/16/2025 23:01,6/30/2025,86090,6,Comfort-First Traditional Buyers
C0913,55.0,Male,Christian,Winter,Eid,High,Medium,1602,5,Urban,Postgraduate,Traditional,Dark,Floral,Cotton,Traditional Media,0,Celebrities,Men's Wear,Excellent,Strong,209,No,366,4/21/2025 22:43,7/1/2025,27260,73,Price-Sensitive Young Fashionistas
C0914,52.0,Female,Christian,Winter,Diwali,Medium,Low,1053,7,Rural,Graduate,Sarees / Salwar Kameez,Bright,Checks,,Local Culture,2,Celebrities,Original Fit,Average,Moderate,175,Yes,373,2/3/2025 19:40,7/2/2025,13812,95,Comfort-First Traditional Buyers
C0915,47.0,Female,Christian,Summer,Christmas,Low,Medium,2888,7,Urban,Undergraduate,Traditional,Neutral,Printed,Wool,Traditional Media,1,Celebrities,Men's Wear,,Weak,186,No,339,11/28/2024 9:31,7/3/2025,38024,32,Festival-Driven High Spenders
C0916,48.0,Male,Christian,Winter,Diwali,High,Medium,3362,4,Urban,High School,Party Wear,Pastel,Solid,Cotton,Celebrity Trends,3,Local Trends,Accessories,Poor,Weak,215,No,378,6/17/2024 4:20,7/4/2025,68656,41,Seasonal Trend Followers
C0917,22.0,Female,Muslim,Winter,None,Medium,High,2555,7,Rural,Undergraduate,Hijab/Abaya,Neutral,Printed,Silk,E-Commerce Trends,3,Local Trends,Men's Wear,Good,Moderate,209,No,382,1/27/2025 16:16,7/5/2025,37285,76,Seasonal Trend Followers
C0918,31.0,Female,Christian,Rainy,Eid,Medium,Medium,1551,2,Rural,High School,Festive Wear,Neutral,,Cotton,Social Media,2,,Women's Wear,Average,Weak,199,No,314,6/4/2024 7:26,7/6/2025,11605,8,Comfort-First Traditional Buyers
C0919,28.0,Female,Hindu,Rainy,Eid,High,High,3982,7,Rural,Postgraduate,Festive Wear,Pastel,Solid,Wool,Local Culture,3,Social Media,Women's Wear,Poor,Weak,198,No,291,12/31/2024 6:46,7/7/2025,81158,72,Seasonal Trend Followers
C0920,26.0,Male,Hindu,Summer,Christmas,High,High,1066,6,Urban,Postgraduate,Western Casual,Bright,Printed,Silk,Traditional Media,2,Social Media,Women's Wear,,Strong,200,Yes,352,6/22/2024 19:37,7/8/2025,82303,50,Comfort-First Traditional Buyers
C0921,51.0,Female,Muslim,Rainy,Eid,High,,2201,4,Urban,High School,Western Casual,Dark,,Wool,Traditional Media,0,Local Trends,Men's Wear,Excellent,,193,No,278,10/3/2024 17:22,7/9/2025,37139,92,Price-Sensitive Young Fashionistas
C0922,29.0,Female,Hindu,Winter,None,High,Low,1592,3,Rural,High School,Ethnic Wear,Dark,Floral,Silk,Traditional Media,0,Celebrities,Women's Wear,Excellent,Strong,209,Yes,289,11/28/2024 6:15,7/10/2025,87149,62,Price-Sensitive Young Fashionistas
C0923,52.0,Male,Muslim,Rainy,Diwali,Medium,Low,2676,5,Urban,Postgraduate,Festive Wear,Dark,Solid,Wool,Celebrity Trends,1,Social Media,Women's Wear,Poor,Moderate,179,No,233,3/13/2025 19:53,7/11/2025,66138,84,Festival-Driven High Spenders
C0924,52.0,Male,Muslim,Summer,Christmas,High,Medium,1302,4,Urban,Graduate,Festive Wear,Pastel,,Silk,Local Culture,2,Celebrities,Accessories,Poor,Weak,182,Yes,246,6/18/2024 15:55,7/12/2025,86125,62,Comfort-First Traditional Buyers
C0925,18.0,Female,Hindu,Rainy,None,High,Low,2549,3,Urban,Postgraduate,Traditional,Neutral,Checks,Silk,E-Commerce Trends,0,Social Media,Men's Wear,Good,Weak,198,No,256,12/9/2024 11:01,7/13/2025,23918,7,Price-Sensitive Young Fashionistas
C0926,57.0,Male,Christian,Rainy,Eid,Medium,High,1231,3,Urban,Postgraduate,Fusion Wear,,Solid,Silk,Celebrity Trends,0,Local Trends,Accessories,Poor,Strong,206,Yes,391,8/22/2024 22:54,7/14/2025,95655,75,Price-Sensitive Young Fashionistas
C0927,39.0,Female,Hindu,Summer,Eid,Medium,High,1989,5,Urban,Undergraduate,Casual/Formal,Neutral,Floral,Silk,Celebrity Trends,2,Celebrities,Women's Wear,Poor,Strong,194,No,255,7/5/2024 10:02,7/15/2025,37446,84,Comfort-First Traditional Buyers
C0928,46.0,Female,Hindu,Summer,None,High,Medium,2985,2,Urban,Graduate,Fusion Wear,Dark,Floral,Rayon,Social Media,3,Celebrities,Women's Wear,Average,Moderate,199,No,276,2/6/2025 10:19,7/16/2025,23046,80,Seasonal Trend Followers
C0929,25.0,Female,,Winter,,Medium,Low,1709,2,Rural,Undergraduate,Formal Wear,,Checks,Wool,Social Media,0,Social Media,Women's Wear,Excellent,Weak,205,Yes,330,1/19/2025 9:49,7/17/2025,34818,4,Price-Sensitive Young Fashionistas
C0930,,Male,Hindu,Rainy,Diwali,High,Low,2350,6,Urban,Postgraduate,Western Casual,Pastel,Floral,Wool,Celebrity Trends,3,Social Media,Men's Wear,Poor,Moderate,207,No,255,6/8/2024 16:35,7/18/2025,14324,6,Seasonal Trend Followers
C0931,58.0,Female,Muslim,Winter,Christmas,High,High,1322,3,Rural,Graduate,Casual/Formal,Pastel,Checks,Rayon,Local Culture,0,Social Media,Original Fit,Good,,208,No,323,10/8/2024 2:15,7/19/2025,86323,58,Price-Sensitive Young Fashionistas
C0932,54.0,Male,Christian,Rainy,,Medium,Medium,2101,3,Rural,Undergraduate,Festive Wear,Bright,Printed,Silk,E-Commerce Trends,0,Celebrities,Women's Wear,Poor,Moderate,185,Yes,255,11/17/2024 11:45,7/20/2025,19111,22,Price-Sensitive Young Fashionistas
C0933,,Male,Christian,Rainy,None,High,Low,3137,5,Rural,Graduate,Party Wear,,Checks,Silk,Traditional Media,1,Local Trends,Women's Wear,Excellent,Strong,188,No,310,12/30/2024 7:02,7/21/2025,48110,26,Festival-Driven High Spenders
C0934,47.0,Female,Christian,,Diwali,Medium,Medium,1447,3,Rural,Postgraduate,Formal Wear,Dark,Printed,Wool,E-Commerce Trends,0,Local Trends,Women's Wear,Poor,Moderate,190,Yes,312,11/6/2024 10:07,7/22/2025,26389,3,Price-Sensitive Young Fashionistas
C0935,52.0,Male,Hindu,Rainy,Christmas,High,Low,2465,4,Urban,High School,Formal Wear,Bright,Solid,Rayon,Celebrity Trends,2,,Women's Wear,Average,Moderate,208,No,328,6/24/2024 20:34,7/23/2025,51427,41,Comfort-First Traditional Buyers
C0936,38.0,Male,Muslim,Rainy,Eid,High,,1930,3,Urban,Postgraduate,Formal Wear,Neutral,Floral,,Traditional Media,2,Local Trends,,,Strong,192,No,319,5/7/2024 1:11,7/24/2025,89579,60,Comfort-First Traditional Buyers
C0937,54.0,Female,Christian,,Eid,High,High,2313,7,Urban,Undergraduate,Fusion Wear,Pastel,Checks,Silk,Social Media,0,Social Media,,Poor,Weak,206,No,290,4/17/2025 19:32,7/25/2025,38746,14,Price-Sensitive Young Fashionistas
C0938,22.0,Male,Muslim,Summer,Christmas,Low,Medium,3336,3,Rural,Postgraduate,Sarees / Salwar Kameez,,Checks,Silk,Social Media,3,Local Trends,Original Fit,Average,,218,No,307,2/16/2025 6:01,7/26/2025,97886,75,Seasonal Trend Followers
C0939,,Male,Muslim,Winter,Christmas,High,High,3302,7,Urban,Graduate,Festive Wear,Pastel,Floral,Cotton,E-Commerce Trends,1,Celebrities,Original Fit,Excellent,Strong,213,Yes,346,8/27/2024 6:25,7/27/2025,10117,82,Festival-Driven High Spenders
C0940,31.0,Female,Christian,Summer,Diwali,Medium,Low,1441,2,Rural,Graduate,Party Wear,Bright,Floral,,Celebrity Trends,2,Social Media,Women's Wear,Poor,Moderate,190,Yes,257,2/2/2025 23:17,7/28/2025,94471,12,Comfort-First Traditional Buyers
C0941,43.0,Female,Christian,Winter,None,Medium,High,2790,3,Rural,Postgraduate,Western Casual,Pastel,Solid,Silk,Social Media,3,Local Trends,Women's Wear,Average,Moderate,207,No,340,3/14/2025 4:29,7/29/2025,23234,87,Seasonal Trend Followers
C0942,21.0,Female,Muslim,Winter,Eid,Low,Medium,888,6,Urban,Graduate,Traditional,,Solid,Cotton,Traditional Media,2,Celebrities,Original Fit,Good,Moderate,180,No,240,5/12/2024 21:28,7/30/2025,63441,12,Comfort-First Traditional Buyers
C0943,42.0,Male,Christian,Rainy,None,High,Medium,1355,6,Urban,High School,Ethnic Wear,Pastel,Checks,Rayon,Social Media,0,Local Trends,Original Fit,Average,Weak,198,No,299,11/23/2024 13:43,7/31/2025,10846,13,Price-Sensitive Young Fashionistas
C0944,,Male,Muslim,Winter,,Medium,Medium,1198,7,Urban,Undergraduate,Festive Wear,Dark,Solid,Silk,Traditional Media,0,Celebrities,,Good,Moderate,202,No,343,11/3/2024 20:25,8/1/2025,20954,25,Price-Sensitive Young Fashionistas
C0945,42.0,Male,Muslim,,Eid,High,Low,1299,7,Rural,Graduate,Formal Wear,Dark,Printed,Wool,Celebrity Trends,0,Celebrities,Women's Wear,Poor,Weak,197,No,277,10/14/2024 13:20,8/2/2025,89239,45,Price-Sensitive Young Fashionistas
C0946,35.0,Male,Christian,Summer,None,Medium,Low,2349,2,Rural,High School,Casual/Formal,Bright,Solid,Cotton,Traditional Media,2,Local Trends,Accessories,,Moderate,191,No,372,2/27/2025 8:03,8/3/2025,56514,19,Comfort-First Traditional Buyers
C0947,57.0,Female,Hindu,Summer,Christmas,Medium,Low,3635,3,Urban,High School,Formal Wear,Pastel,Solid,Cotton,Local Culture,1,,Accessories,Good,Strong,191,No,226,4/16/2025 15:53,8/4/2025,98236,55,Festival-Driven High Spenders
C0948,,Male,Christian,Winter,Diwali,High,Low,2485,5,Rural,High School,Festive Wear,,Checks,Silk,Celebrity Trends,0,,Accessories,Excellent,Strong,211,No,377,3/28/2025 22:49,8/5/2025,16469,100,Price-Sensitive Young Fashionistas
C0949,56.0,Male,Hindu,Summer,Eid,Medium,Low,2400,2,Urban,High School,Sarees / Salwar Kameez,Pastel,Printed,Silk,E-Commerce Trends,2,Celebrities,Original Fit,Average,Weak,210,No,252,1/21/2025 1:48,8/6/2025,40105,45,Comfort-First Traditional Buyers
C0950,57.0,,Muslim,Winter,Christmas,Medium,High,2791,5,Urban,High School,Party Wear,Pastel,Solid,Cotton,Local Culture,1,Celebrities,Men's Wear,Poor,Weak,215,Yes,323,8/19/2024 8:28,8/7/2025,52101,8,Festival-Driven High Spenders
C0951,31.0,Female,Muslim,Summer,Eid,High,,2159,2,Rural,Undergraduate,Hijab/Abaya,Pastel,Printed,Wool,Social Media,2,Social Media,Women's Wear,Excellent,Strong,219,No,358,12/4/2024 16:15,8/8/2025,74323,93,Comfort-First Traditional Buyers
C0952,49.0,Female,Hindu,Summer,Diwali,Medium,Low,2191,5,Rural,Graduate,Indo-Western,Bright,Printed,Wool,Traditional Media,0,Celebrities,Accessories,Good,Strong,209,No,259,9/13/2024 19:58,8/9/2025,68067,53,Price-Sensitive Young Fashionistas
C0953,55.0,,,Winter,Eid,Medium,High,2190,4,Rural,Graduate,Indo-Western,Bright,Printed,Rayon,Celebrity Trends,2,Social Media,Men's Wear,Average,Moderate,178,No,265,5/9/2024 23:35,8/10/2025,59376,55,Comfort-First Traditional Buyers
C0954,50.0,Male,Hindu,Summer,Diwali,Low,Low,2971,4,Urban,Undergraduate,Hijab/Abaya,,Floral,Silk,Social Media,1,Celebrities,Women's Wear,Average,Strong,192,Yes,290,12/5/2024 3:39,8/11/2025,55587,32,Festival-Driven High Spenders
C0955,40.0,Male,Hindu,Rainy,Diwali,High,Medium,2564,7,Rural,Undergraduate,Ethnic Wear,Neutral,,Wool,Celebrity Trends,1,Social Media,Men's Wear,Poor,Weak,191,No,293,9/8/2024 21:10,8/12/2025,46976,51,Festival-Driven High Spenders
C0956,32.0,Male,Muslim,Winter,Eid,High,Low,1840,7,Urban,Graduate,Party Wear,,Floral,Rayon,Local Culture,2,Celebrities,Original Fit,Excellent,Strong,210,No,388,5/1/2025 23:44,8/13/2025,77584,44,Comfort-First Traditional Buyers
C0957,50.0,Female,Hindu,Winter,Eid,Medium,Low,2748,2,Urban,High School,Ethnic Wear,Dark,Floral,Wool,Local Culture,1,Celebrities,Original Fit,Average,Weak,222,No,312,7/19/2024 9:45,8/14/2025,88477,82,Festival-Driven High Spenders
C0958,,Female,Christian,Winter,Diwali,Medium,Medium,1266,5,Urban,Postgraduate,Indo-Western,Bright,Checks,Silk,Local Culture,2,Celebrities,Original Fit,Average,Weak,207,Yes,347,4/24/2025 17:18,8/15/2025,52533,70,Comfort-First Traditional Buyers
C0959,34.0,Female,Christian,Rainy,Christmas,High,Medium,1008,2,Rural,Graduate,Festive Wear,Pastel,Solid,Rayon,Traditional Media,2,,Accessories,Excellent,Moderate,221,Yes,327,11/13/2024 19:18,8/16/2025,11828,18,Comfort-First Traditional Buyers
C0960,50.0,Female,Muslim,Winter,None,Medium,Medium,2675,2,Rural,Graduate,Indo-Western,Neutral,Floral,Rayon,Traditional Media,1,Local Trends,Women's Wear,Average,Moderate,175,No,261,5/7/2024 2:52,8/17/2025,11917,83,Festival-Driven High Spenders
C0961,19.0,Male,Muslim,Summer,Diwali,Low,Medium,2583,2,Rural,Graduate,Casual/Formal,Pastel,,Rayon,Local Culture,0,Celebrities,Original Fit,Excellent,Moderate,213,No,345,5/2/2025 18:09,8/18/2025,30618,22,Price-Sensitive Young Fashionistas
C0962,31.0,Female,Hindu,Summer,Eid,High,Low,1714,4,Urban,Postgraduate,Indo-Western,Dark,Solid,Wool,E-Commerce Trends,0,Social Media,Accessories,Excellent,Moderate,217,No,276,11/24/2024 2:40,8/19/2025,42254,37,Price-Sensitive Young Fashionistas
C0963,57.0,Male,Hindu,Summer,Eid,High,Medium,2540,5,Rural,High School,Party Wear,Bright,Floral,Silk,Traditional Media,1,Social Media,,Excellent,Strong,204,No,237,4/27/2025 8:50,8/20/2025,57362,96,Festival-Driven High Spenders
C0964,57.0,Female,Hindu,Winter,Christmas,Medium,Medium,1351,5,Urban,Graduate,Hijab/Abaya,Bright,Solid,Rayon,E-Commerce Trends,2,Celebrities,Accessories,,,178,Yes,304,1/20/2025 8:58,8/21/2025,30128,56,Comfort-First Traditional Buyers
C0965,56.0,,Hindu,Summer,None,Low,High,1969,5,Urban,High School,Hijab/Abaya,Pastel,Floral,,E-Commerce Trends,0,Local Trends,Accessories,Excellent,Strong,207,No,254,6/8/2024 12:37,8/22/2025,69383,59,Price-Sensitive Young Fashionistas
C0966,23.0,,Christian,Winter,,High,Medium,3165,6,Rural,High School,Ethnic Wear,Pastel,Checks,Silk,Local Culture,1,Social Media,Original Fit,Excellent,Moderate,219,Yes,289,3/29/2025 12:17,8/23/2025,75545,3,Festival-Driven High Spenders
C0967,23.0,Male,Christian,Summer,Diwali,High,Medium,1821,7,Urban,High School,Traditional,Dark,Printed,,E-Commerce Trends,0,,Accessories,,Moderate,201,No,365,5/4/2025 23:07,8/24/2025,92180,28,Price-Sensitive Young Fashionistas
C0968,20.0,Female,Muslim,Rainy,None,High,High,1444,2,Urban,Postgraduate,Fusion Wear,Neutral,Printed,,Local Culture,0,Social Media,,Good,Weak,192,No,293,5/24/2024 17:41,8/25/2025,97958,74,Price-Sensitive Young Fashionistas
C0969,24.0,Male,Hindu,,Diwali,High,High,1988,4,Urban,Graduate,Western Casual,Dark,Solid,Rayon,Local Culture,2,Celebrities,Original Fit,Poor,Strong,212,No,358,8/18/2024 1:18,8/26/2025,19865,35,Comfort-First Traditional Buyers
C0970,25.0,Male,Hindu,Rainy,None,High,Low,1984,3,Urban,Graduate,Western Casual,Neutral,Checks,Rayon,Social Media,0,Local Trends,Accessories,Excellent,,221,No,356,4/25/2025 11:02,8/27/2025,12219,61,Price-Sensitive Young Fashionistas
C0971,,Male,Muslim,Rainy,Eid,High,High,3134,5,Rural,Undergraduate,Hijab/Abaya,Bright,,Wool,Social Media,1,Social Media,Original Fit,Good,Moderate,204,No,308,2/8/2025 1:49,8/28/2025,49809,93,Festival-Driven High Spenders
C0972,32.0,Female,,Winter,None,High,Low,2218,3,Urban,Postgraduate,Traditional,Neutral,Floral,Wool,Celebrity Trends,0,Celebrities,,Good,Strong,204,No,312,12/12/2024 21:47,8/29/2025,15287,54,Price-Sensitive Young Fashionistas
C0973,46.0,Female,Hindu,Summer,Diwali,High,High,3598,4,Rural,High School,Western Casual,Neutral,Printed,Wool,Social Media,1,Celebrities,Women's Wear,Average,Moderate,188,Yes,275,7/24/2024 23:45,8/30/2025,44387,63,Festival-Driven High Spenders
C0974,50.0,Female,Hindu,Rainy,None,Low,High,1656,7,Urban,High School,Sarees / Salwar Kameez,,Solid,Silk,Celebrity Trends,2,,Men's Wear,,Weak,179,No,222,8/13/2024 23:39,8/31/2025,18512,79,Comfort-First Traditional Buyers
C0975,47.0,Male,Hindu,Winter,Christmas,Medium,,1607,6,Urban,Undergraduate,Fusion Wear,Bright,Solid,Wool,Traditional Media,0,Local Trends,Women's Wear,Good,,199,No,242,10/9/2024 21:50,9/1/2025,11342,97,Price-Sensitive Young Fashionistas
C0976,56.0,Female,Hindu,Rainy,Eid,High,High,1617,5,Urban,Postgraduate,Party Wear,Bright,Checks,Cotton,Celebrity Trends,0,Local Trends,Original Fit,,Weak,232,Yes,349,10/24/2024 0:51,9/2/2025,73076,7,Price-Sensitive Young Fashionistas
C0977,44.0,Male,Muslim,Rainy,Eid,Low,Low,1843,3,Rural,Graduate,Hijab/Abaya,Dark,Solid,Wool,E-Commerce Trends,0,Celebrities,Original Fit,Average,,210,No,364,11/2/2024 1:46,9/3/2025,29216,76,Price-Sensitive Young Fashionistas
C0978,53.0,Female,Hindu,,,High,High,2128,5,Urban,Postgraduate,Hijab/Abaya,Bright,Printed,Rayon,Local Culture,0,,Women's Wear,Average,Moderate,205,No,358,6/28/2024 0:29,9/4/2025,89767,49,Price-Sensitive Young Fashionistas
C0979,46.0,,Muslim,Winter,Diwali,High,Medium,2574,3,Urban,High School,Western Casual,Pastel,Printed,Wool,E-Commerce Trends,2,Social Media,Accessories,Excellent,Moderate,189,No,346,10/11/2024 14:20,9/5/2025,36614,94,Comfort-First Traditional Buyers
C0980,55.0,,Hindu,Summer,Christmas,High,High,3156,4,Urban,High School,Casual/Formal,Bright,Printed,Silk,E-Commerce Trends,3,Celebrities,Accessories,Excellent,Strong,199,No,236,4/19/2025 5:31,9/6/2025,46258,85,Seasonal Trend Followers
C0981,50.0,,Christian,Summer,Eid,Medium,Low,2251,6,Urban,Undergraduate,Party Wear,Bright,Printed,Silk,Social Media,1,Celebrities,Original Fit,Average,Weak,182,No,289,5/15/2024 1:50,9/7/2025,52078,31,Festival-Driven High Spenders
C0982,54.0,,Christian,Rainy,Eid,Medium,High,2208,3,Urban,High School,Western Casual,Bright,Checks,Cotton,Traditional Media,2,Local Trends,,Poor,Weak,199,Yes,230,11/17/2024 4:52,9/8/2025,93524,58,Comfort-First Traditional Buyers
C0983,44.0,Male,Christian,Rainy,Diwali,High,Low,2255,6,Urban,High School,Western Casual,Neutral,Floral,Silk,Traditional Media,1,Celebrities,Men's Wear,Excellent,Moderate,204,Yes,235,6/7/2024 4:59,9/9/2025,22219,61,Festival-Driven High Spenders
C0984,50.0,Male,Christian,Summer,Diwali,High,,2770,4,Urban,High School,Indo-Western,Dark,Floral,Wool,Traditional Media,3,Social Media,Men's Wear,Excellent,Weak,187,No,323,5/12/2024 15:57,9/10/2025,10235,24,Seasonal Trend Followers
C0985,21.0,Female,Muslim,Summer,Christmas,High,Medium,880,4,Rural,High School,Traditional,Bright,Checks,Rayon,Traditional Media,2,Local Trends,Women's Wear,Average,,187,No,364,5/23/2024 4:16,9/11/2025,52929,20,Comfort-First Traditional Buyers
C0986,39.0,Female,Muslim,Winter,None,High,Medium,2889,6,Rural,High School,Indo-Western,Dark,Solid,Silk,Social Media,1,Local Trends,,Average,Moderate,179,Yes,341,4/3/2025 11:34,9/12/2025,77444,37,Festival-Driven High Spenders
C0987,19.0,Male,Hindu,Summer,Diwali,High,Low,3557,5,Rural,Postgraduate,Formal Wear,Pastel,Floral,Cotton,Traditional Media,1,Celebrities,Accessories,Excellent,Moderate,214,No,324,5/8/2024 13:29,9/13/2025,18567,4,Festival-Driven High Spenders
C0988,27.0,Male,Christian,Summer,None,Medium,High,1514,4,Rural,Graduate,Casual/Formal,Pastel,Solid,Wool,Local Culture,2,Celebrities,Original Fit,Good,Moderate,200,No,267,2/6/2025 13:55,9/14/2025,80792,92,Comfort-First Traditional Buyers
C0989,22.0,Male,Muslim,Rainy,Christmas,Medium,Low,1680,6,Urban,Graduate,Festive Wear,Bright,Floral,Cotton,E-Commerce Trends,0,Celebrities,Women's Wear,,Strong,227,No,373,10/17/2024 14:51,9/15/2025,75441,20,Price-Sensitive Young Fashionistas
C0990,27.0,Female,Hindu,Summer,None,Low,,2264,2,Urban,High School,Hijab/Abaya,Pastel,Solid,Silk,E-Commerce Trends,2,Local Trends,Men's Wear,Good,Moderate,177,Yes,333,2/9/2025 17:08,9/16/2025,94555,60,Comfort-First Traditional Buyers
C0991,50.0,Male,Hindu,Rainy,Eid,Medium,High,2314,3,Rural,Postgraduate,Indo-Western,Dark,Checks,Silk,Celebrity Trends,2,Celebrities,Women's Wear,Average,Moderate,180,No,293,9/28/2024 21:54,9/17/2025,83698,24,Comfort-First Traditional Buyers
C0992,,Female,Muslim,Summer,None,Medium,High,2166,2,Rural,Undergraduate,Fusion Wear,Neutral,Printed,Cotton,Local Culture,1,Social Media,Women's Wear,Good,,200,No,264,2/17/2025 4:23,9/18/2025,15415,50,Festival-Driven High Spenders
C0993,30.0,Female,Christian,Winter,Christmas,Medium,,2050,5,Rural,Graduate,Hijab/Abaya,Bright,Solid,Wool,Local Culture,3,Celebrities,Men's Wear,Poor,Moderate,200,No,258,11/19/2024 1:40,9/19/2025,46159,49,Seasonal Trend Followers
C0994,48.0,Female,Hindu,Summer,Christmas,Medium,,2388,7,Urban,Graduate,Indo-Western,Pastel,Printed,Silk,Social Media,2,Celebrities,,,Weak,190,No,297,3/9/2025 23:13,9/20/2025,53925,51,Comfort-First Traditional Buyers
C0995,53.0,Female,Christian,Summer,Christmas,Medium,Low,1742,3,Rural,High School,Sarees / Salwar Kameez,Dark,Solid,Rayon,Traditional Media,0,Local Trends,Women's Wear,Excellent,Moderate,197,No,321,9/25/2024 12:44,9/21/2025,15951,96,Price-Sensitive Young Fashionistas
C0996,41.0,Male,,,None,High,Low,1759,7,Rural,Undergraduate,Hijab/Abaya,Dark,Solid,Silk,Traditional Media,2,Celebrities,Women's Wear,Excellent,Strong,222,No,257,7/31/2024 2:45,9/22/2025,97388,36,Comfort-First Traditional Buyers
C0997,32.0,Female,Christian,Rainy,Eid,Medium,Medium,1987,4,Rural,High School,Ethnic Wear,Pastel,,Wool,Local Culture,2,Local Trends,,Average,Moderate,204,Yes,274,8/9/2024 18:42,9/23/2025,18007,98,Comfort-First Traditional Buyers
C0998,46.0,,Hindu,Winter,Diwali,High,Low,2391,3,Rural,Postgraduate,Western Casual,Dark,Solid,,Celebrity Trends,3,Celebrities,,Average,Moderate,215,No,335,2/17/2025 21:49,9/24/2025,51832,100,Seasonal Trend Followers
C0999,25.0,Male,,Summer,Eid,Medium,High,1670,5,Rural,Undergraduate,Party Wear,Dark,Solid,Cotton,Celebrity Trends,2,Social Media,Women's Wear,Poor,Weak,206,No,390,12/1/2024 16:55,9/25/2025,68596,66,Comfort-First Traditional Buyers
C1000,22.0,,Hindu,Rainy,None,Medium,Medium,1812,2,Urban,Graduate,Casual/Formal,Bright,Printed,Silk,E-Commerce Trends,0,,Men's Wear,Average,Moderate,189,No,227,3/9/2025 15:59,9/26/2025,40523,79,Price-Sensitive Young Fashionistas
